4374 6186
276 404 334 462 104
577 397 776 455 OPVSCVLA
793 398 988 456 VENANTIO
1006 398 1237 458 FORTVNATO
1255 400 1359 456 MALE
1378 400 1602 459 ATTBIBV'PA

277 590 338 670 (22)
366 587 598 653 Persecutiouis
621 609 697 671 ergo
719 589 882 672 publicata
906 590 1073 667 sententia,
1101 590 1272 674 impiorum
1295 591 1442 673 gaudens
1457 592 1550 657 turba
1565 591 1784 676 progreditur
1801 598 1840 656 et
1856 610 1941 655 con-

271 698 320 756 tra
344 691 536 756 dominicum
560 692 714 776 populum
737 699 919 776 pugnatura
942 695 1102 778 conspirat
1124 714 1186 758 non
1210 694 1350 759 cunctati
1365 693 1518 778 adpetere
1533 694 1644 778 gladio
1661 714 1752 778 quos
1771 694 1940 760 dominus

272 813 347 859 suos
377 801 610 859 monstraverat
639 814 711 859 esse
742 795 921 878 signaculo.
974 798 1035 879 (23)
1062 796 1176 879 Itaque
1200 816 1270 861 cum
1294 796 1460 861 occiduam
1483 797 1569 863 orbis
1592 805 1723 882 partem
1751 818 1817 883 pro
1846 798 1940 863 chri·

272 897 446 963 stiauorum
475 897 682 979 inquisitione
712 907 948 983 percurrerent,
980 907 1125 965 sanctum
1148 899 1328 965 Dionisium
1352 906 1460 965 contra
1482 899 1667 965 incredulos
1690 900 1939 968 demicantem

271 1000 414 1064 Parisios
447 1009 670 1085 reppererunt,
709 1021 843 1084 quocum
873 1002 1039 1067 Rusticum
1069 1010 1102 1068 et
1131 1003 1352 1068 Eleutherium
1382 1001 1638 1069 archidiaconem
1670 1005 1973 1088 persecutionisr

271 1102 358 1168 furor
380 1103 512 1168 invenit.
554 1104 609 1167 liii
631 1104 735 1170 sancti
757 1105 817 1169 riri
840 1126 860 1170 a
883 1105 970 1170 beati
986 1105 1122 1171 Dionlsii
1146 1125 1308 1188 nunquam
1333 1107 1552 1170 sustmuerunt
1573 1107 1691 1172 abesse
1709 1108 1934 1192 praesentia,

271 1225 350 1287 quos
372 1206 405 1270 iu
428 1226 525 1271 unum
549 1207 755 1290 interrogatio
777 1209 975 1294 percussoris
998 1209 1132 1290 invenit,
1161 1209 1220 1274 sed
1242 1210 1407 1293 repperire
1429 1229 1493 1274 non
1515 1210 1617 1294 potuit
1639 1231 1744 1293 quem
1770 1232 1794 1276 a
1822 1213 1939 1278 socie-

270 1315 336 1374 tate
359 1311 504 1393 martpm'i
527 1318 703 1395 separaret.
757 1313 817 1393 (21Ι
846 1313 1038 1396 Interrogati
1061 1333 1158 1377 unum
1182 1320 1214 1377 et
1236 1332 1346 1377 verum
1369 1314 1402 1377 iu
1426 1312 1567 1378 trinitate
1588 1313 1685 1379 deum
1703 1314 1935 1394 confitentur,

270 1419 389 1477 terrore
419 1412 544 1478 subacti
574 1414 748 1495 multisque
778 1413 899 1480 adflicti
930 1414 1055 1479 iniuriis
1084 1417 1137 1481 vel
1168 1414 1336 1500 suppliciis
1365 1416 1519 1481 macerati
1549 1416 1751 1482 christianos
1786 1437 1828 1483 se
1855 1439 1938 1485 esse

269 1523 428 1581 testantur
450 1517 581 1600 visoque
604 1516 812 1601 percutientis
834 1517 900 1581 ictu
924 1517 1045 1582 domini
1067 1538 1105 1583 ac
1128 1518 1181 1584 dei
1203 1518 1302 1582 nostri
1326 1538 1361 1583 se
1384 1517 1523 1583 famulos
1548 1538 1667 1600 magna
1691 1520 1938 1588 confessionis
1960 1540 1989 1581 ro

269 1639 347 1684 voce
377 1619 592 1704 pronuntiant.
657 1620 716 1703 (25)
744 1621 781 1685 In
813 1620 874 1685 hac
904 1640 982 1703 ergo
1011 1620 1086 1686 fidei
1117 1621 1288 1705 pertinatia
1317 1629 1558 1704 permanentes,
1594 1621 1782 1688 reddentes
1816 1631 1937 1692 terrae

270 1742 420 1807 corpora,
454 1723 567 1787 beatas
590 1724 680 1788 caelo
702 1723 828 1788 animas
850 1723 1041 1805 intulerunt,
1075 1723 1133 1788 tali
1156 1723 1200 1788 ad
1223 1723 1386 1789 dominum
1408 1732 1593 1789 meruerunt
1615 1724 1842 1809 professione
1869 1730 1938 1794 mi-

269 1844 375 1908 grare,
402 1833 437 1890 ut
457 1825 631 1910 amputatis
653 1825 815 1909 capitibus
837 1825 944 1890 adhuc
966 1827 1139 1910 putabatur
1161 1827 1273 1910 lingua
1296 1826 1460 1911 palpitans
1476 1826 1602 1892 domino
1618 1826 1794 1894 confiteri:
1825 1831 1939 1896 beata

268 1927 402 1992 nimium
432 1936 464 1993 et
494 1928 621 1994 domino
651 1936 759 1994 nostro
782 1935 876 2011 grata
898 1929 1052 2009 societas,
1086 1929 1170 1994 inter
1190 1949 1270 2012 quos
1293 1949 1352 1995 uec
1374 1930 1495 2015 primus
1517 1930 1600 1994 alter
1621 1930 1731 2014 potuit
1756 1951 1843 1998 esse
1871 1955 1937 2001 nec

269 2031 392 2112 tertius,
420 2031 479 2097 sed
500 2031 674 2097 trinitatem
698 2032 885 2097 confitentes
908 2052 972 2097 non
996 2038 1167 2117 potuerunt
1188 2053 1252 2097 non
1275 2033 1493 2098 venerabilem
1516 2034 1619 2097 locum
1641 2033 1730 2099 trino
1758 2035 1937 2104 decorare
1960 2058 1990 2096 rs

268 2134 434 2218 martyrio.
486 2136 545 2218 (26)
575 2136 754 2200 Metuentes
783 2135 882 2217 igitur
910 2154 1132 2219 percussores,
1167 2155 1208 2200 ne
1238 2135 1383 2200 conversi
1406 2135 1516 2220 populi
1537 2135 1733 2201 fidelissima
1760 2141 1937 2222 probata-

268 2257 331 2319 que
353 2237 481 2303 devotio
505 2246 687 2303 sauctorum
710 2258 843 2322 corpora
865 2237 1031 2323 profutura
1054 2238 1116 2304 sibi
1139 2237 1182 2303 ad
1204 2238 1414 2322 patrocinium
1438 2239 1628 2319 tumularet,
1655 2239 1801 2322 elegunt
1829 2245 1936 2311 tetris

268 2341 439 2425 Sequanae
468 2340 699 2425 profundisque
730 2340 913 2424 gurgitibus
942 2349 1119 2425 martyrum
1149 2360 1282 2425 corpora
1309 2340 1475 2425 perdenda
1497 2341 1712 2420 committere,
1752 2363 1852 2425 quae
1878 2348 1937 2412 in-

267 2445 373 2527 posita
394 2444 531 2508 navibus
554 2443 597 2508 ad
620 2443 782 2528 protisum
804 2443 952 2509 iubentur
974 2444 1134 2527 gurgitem
1158 2443 1323 2509 destinari.
1376 2446 1436 2527 (27)
1465 2446 1556 2510 Tunc
1578 2452 1728 2510 mamona
1745 2449 1935 2528 quaedam

268 2548 396 2614 Catulla
418 2548 560 2627 nomine,
595 2567 678 2629 quae
700 2548 777 2613 licet
798 2567 998 2631 paganorum
1020 2547 1175 2632 inplicata
1196 2554 1358 2612 teneretur
1380 2567 1501 2628 errore,
1528 2547 1776 2613 conversionem
1803 2558 1933 2619 tamen
1956 2573 1987 2614 ao

268 2671 303 2716 se
334 2650 520 2717 desiderare
547 2653 664 2733 [mente
688 2652 887 2716 monstrabat
909 2658 942 2715 et
963 2652 1092 2735 operel,
1128 2650 1235 2715 facere
1258 2649 1384 2734 aliquid
1407 2650 1553 2734 cogitans
1576 2651 1703 2716 domino
1729 2653 1929 2735 placitura,

266 2774 325 2819 usa
357 2755 535 2820 subtilitate
565 2754 689 2820 consilii
720 2754 763 2819 ad
786 2753 968 2819 convivium
991 2753 1101 2818 venire
1124 2754 1264 2837 postolat
1285 2771 1506 2838 percussores,
1540 2760 1572 2817 et
1595 2752 1671 2817 dum
1694 2755 1839 2839 copiam
1866 2761 1933 2826 ob-

267 2858 352 2922 latae
384 2857 592 2922 humanitatis
623 2856 781 2936 extendit,
815 2878 836 2921 a
865 2856 1020 2921 memoria
1050 2874 1158 2920 eorum
1190 2875 1272 2938 quae
1303 2863 1513 2941 susceperant
1534 2855 1663 2939 agenda
1685 2855 1861 2927 discussit
1887 2884 1931 2930 ac

266 2960 418 3025 fidelibus
445 2960 512 3024 suis
535 2966 658 3024 secreta
680 2959 880 3024 ordinatione
904 2957 1086 3038 committit,
1122 2966 1157 3023 ut
1178 2959 1341 3023 subtracta
1363 2958 1448 3022 furto
1471 2977 1602 3042 corpora
1625 2958 1772 3041 diligens
1799 2964 1931 3032 elabo-

267 3071 353 3128 raret
383 3064 544 3128 occultare
573 3061 723 3146 provisio.
777 3062 839 3144 (28)
866 3061 927 3139 Qui
957 3060 1106 3126 dominae
1132 3061 1331 3126 ordinatione
1354 3068 1507 3145 conperta
1528 3060 1720 3127 festinanter
1744 3066 1845 3146 quod
1871 3070 1927 3134 eis
1949 3089 1982 3129 aa

267 3173 475 3251 praeceptum
499 3165 605 3230 fuerat
626 3171 819 3230 exsecuntur
841 3163 1023 3246 furtumque
1040 3164 1253 3229 laudabilem
1270 3172 1360 3229 sexto
1376 3165 1417 3228 ab
1434 3165 1511 3229 urbe
1528 3172 1702 3229 memorato
1718 3166 1857 3251 lapide,
1888 3171 1926 3237 id

268 3269 364 3336 estin
380 3275 504 3334 aratam
521 3288 617 3350 quam
633 3268 809 3333 seminibus
825 3275 1096 3352 praeparaverant
1112 3265 1426 3346 industriacolentis
1448 3267 1658 3333 abscondunt.
1712 3271 1776 3352 (29)
1810 3274 1927 3340 Facta

268 3380 303 3438 ut
325 3371 422 3437 moris
445 3379 494 3438 est
516 3371 639 3436 satione
661 3390 721 3436 nec
745 3390 838 3436 suum
861 3390 956 3453 seges
979 3370 1112 3453 negavit
1134 3369 1336 3453 obsequium,
1372 3389 1455 3452 quae
1477 3371 1544 3436 tale
1567 3370 1742 3436 fecundata
1773 3374 1925 3460 pingui-

268 3476 359 3556 dine,
394 3475 441 3540 sic
468 3474 503 3539 in
529 3494 568 3539 ea
590 3473 780 3540 beneficium
804 3494 839 3539 se
862 3473 1017 3539 ubertatis
1041 3472 1170 3549 effudit,
1205 3479 1240 3537 ut
1262 3472 1495 3557 centuplicatos
1517 3473 1639 3539 fructus
1662 3482 1694 3539 et
1715 3476 1829 3542 cultor
1855 3480 1924 3545 ad-

267 3579 406 3664 quireret
428 3586 461 3643 et
483 3577 588 3663 patria
611 3586 785 3643 mereretur
808 3577 956 3643 salutem.
996 3576 1068 3655 Qua
1088 3577 1283 3660 pubescente
1305 3575 1380 3641 totis
1402 3575 1497 3641 latuit
1518 3577 1603 3660 quod
1619 3583 1689 3642 erat
1703 3577 1921 3649 Parisiorum
1943 3604 1975 3645 ao

266 3682 393 3770 populis
422 3681 634 3767 profuturum.
686 3683 746 3764 (30)
775 3679 947 3746 antedicta
975 3687 1084 3744 tamen
1114 3678 1358 3744 materfamilias
1389 3678 1501 3743 horum
1528 3699 1592 3744 nou
1613 3678 1772 3746 inmemor
1796 3701 1921 3752 secre-

266 3795 382 3868 torum,
408 3806 480 3852 cum
504 3785 641 3870 primum
664 3783 896 3870 persecutionis
918 3782 1000 3848 vidit
1021 3781 1165 3866 tepuisse
1188 3781 1356 3861 fervorem,
1390 3781 1495 3847 locum
1518 3788 1700 3847 sanctorum
1721 3791 1921 3869 martyrum

266 3911 339 3956 ossa
362 3897 544 3955 servantem
568 3908 632 3969 qua
654 3887 796 3971 oportuit
818 3885 1035 3951 sollicitudine
1058 3883 1227 3968 requisivit
1248 3891 1344 3966 atque
1366 3884 1532 3950 inventum
1556 3884 1725 3951 eminentis
1741 3892 1920 3958 mausolei

266 3993 499 4060 constructione
529 3990 680 4074 signavit.
751 3990 812 4073 (31)
847 3988 939 4053 Vnde
968 3986 1171 4072 postmodum
1199 3986 1367 4053 christiani
1395 3987 1563 4053 basilicam
1597 4008 1694 4073 super
1721 3996 1918 4075 martyrum

266 4116 399 4180 corpora
430 4114 547 4178 magno
576 4100 705 4177 sumptu
735 4093 886 4176 cultuque
916 4090 1032 4156 eximio
1064 4097 1324 4156 construxerunt.
1359 4091 1413 4156 ubi
1443 4090 1558 4156 cotidie
1586 4098 1739 4174 operante
1770 4091 1917 4163 domino
1940 4121 1975 4160 aa

266 4210 376 4265 nostro
398 4201 473 4265 Iesu
497 4197 623 4263 Christo
654 4195 769 4261 merita
799 4215 909 4260 eorum
938 4193 1089 4259 virtutum
1112 4193 1286 4278 probantur
1307 4200 1484 4258 monstrare
1507 4192 1720 4275 frequentiam
1744 4200 1778 4259 et
1802 4217 1918 4284 expe-

267 4303 389 4367 riuntur
418 4300 551 4379 infirmi,
587 4307 741 4383 quantum
770 4298 823 4363 dei
852 4296 991 4362 famulos
1015 4297 1185 4361 conveniat
1207 4296 1370 4375 honorari,
1406 4295 1460 4360 ubi
1481 4295 1595 4380 recipit
1617 4296 1758 4362 caecitas
1780 4299 1914 4386 risum,

356 4665 366 4714 1
389 4664 577 4726 persecutiones
596 4660 625 4708 M
742 4662 825 4709 sentia
843 4659 872 4706 M
878 4658 886 4694 ¹
1009 4658 1196 4707 idominicum
1215 4654 1348 4724 populum]
1367 4657 1486 4705 dominiis
1506 4655 1534 4704 M
1654 4655 1750 4706 3auos
1771 4657 1819 4722 P1,
1846 4677 1917 4714 suu,

267 4751 295 4799 M
302 4751 310 4786 ¹
414 4725 524 4799 occiduis
543 4749 622 4797 turbis
642 4746 671 4794 M
773 4746 997 4808 disquisitionem
1016 4745 1039 4792 P
1143 4744 1335 4806 breppererent
1356 4741 1384 4790 M
1389 4740 1401 4777 ²
1504 4757 1561 4792 cum
1580 4756 1629 4805 quo
1642 4743 1671 4790 M
1773 4744 1916 4800 fibeato?

266 4838 289 4885 P
406 4831 526 4901 iquem]
544 4831 590 4896 1²²,
610 4848 660 4896 qua
678 4832 725 4894 1³1,
746 4846 808 4895 quos
828 4832 855 4879 M
970 4827 1044 4897 8111]
1062 4830 1149 4880 om.P
1260 4830 1320 4879 drTn‘r
1341 4828 1369 4877 M
1479 4830 1622 4878 9terrores
1642 4831 1690 4878 slbl
1712 4831 1747 4891 (ln
1766 4838 1914 4899 cupessas.)

266 4927 352 4973 iuncto
373 4922 402 4970 M
524 4920 555 4969 12
573 4921 604 4968 ad
622 4916 765 4986 dominum]
784 4918 819 4980 M,
840 4919 941 4967 domiuo
960 4919 983 4966 P
1102 4916 1245 4978 migrariP
1368 4915 1398 4965 13
1417 4912 1458 4982 ut]
1476 4929 1551 4977 quem
1569 4916 1592 4963 P
1706 4917 1870 4978 putabantur
1890 4923 1918 4971 P

268 5009 299 5059 11
318 5011 412 5058 deses
437 5008 495 5067 (ror.
511 5009 560 5068 gra)
583 5007 626 5056 nr'o
644 5007 866 5069 gumoarium.)
890 5004 916 5052 M
1022 5003 1053 5054 15
1072 5000 1134 5070 uon]
1152 5016 1213 5053 arua
1230 5001 1259 5049 M
1361 4998 1423 5068 non]
1442 5008 1493 5050 tam
1512 5006 1539 5050 r'u
1556 5004 1633 5050 lituro
1653 4998 1696 5049 M²
1803 5002 1839 5054 17
1862 5009 1914 5057 de.

266 5096 367 5144 notione
387 5091 431 5142 M2
535 5095 691 5143 tumularent
710 5092 739 5140 M
743 5090 755 5127 ²
860 5090 979 5140 tetresP
1083 5089 1116 5139 21)
1134 5088 1226 5138 catulla
1244 5083 1356 5153 nomine]
1375 5087 1405 5148 P,
1426 5101 1474 5135 om.
1490 5086 1519 5134 M
1619 5085 1757 5136 21111111
1776 5099 1914 5143 monam.

266 5184 309 5231 bat
327 5189 353 5231 et
371 5179 458 5249 opere]
475 5181 534 5230 odd.
549 5180 637 5241 Laeti,
658 5195 706 5228 om.
723 5179 773 5226 PM
884 5178 1009 5240 placituri
1028 5175 1057 5223 M
1176 5172 1208 5223 22
1227 5169 1334 5239 copiam]
1353 5173 1388 5236 M,
1410 5173 1492 5236 pieP
1612 5171 1644 5222 23
1664 5174 1839 5225 humanitates
1861 5179 1912 5227 M¹

266 5267 299 5318 25
318 5271 416 5331 prouiso
435 5270 535 5332 domine
553 5267 638 5330 quiP
750 5264 901 5313 ordinationi
921 5262 950 5309 M
1060 5260 1093 5311 26
1112 5260 1260 5310 laudabilis?
1279 5259 1315 5306 P¹
1432 5256 1577 5326 memorato]
1596 5273 1644 5308 om.
1662 5258 1691 5306 M
1802 5259 1913 5333 lapide]

268 5355 296 5418 P,
317 5357 426 5404 miliario
445 5354 474 5402 M
588 5353 708 5402 1711111
728 5350 753 5398 M
867 5355 1059 5412 praeparauerat
1081 5347 1108 5394 M
1221 5344 1432 5396 2811111111Μὶ
1545 5360 1615 5394 suam
1634 5346 1657 5393 P
1771 5343 1804 5393 29
1825 5351 1912 5402 uber.

264 5440 337 5510 tatis]
356 5439 409 5504 M²,
430 5435 531 5491 ubertas
551 5439 601 5487 ΡΜ
607 5439 616 5474 ¹
721 5437 906 5498 centuplicatus
925 5435 953 5482 M
1057 5430 1095 5500 et]
1114 5447 1162 5483 om.
1178 5432 1206 5479 M
1309 5433 1339 5480 ad
1356 5432 1500 5494 adquireret
1518 5433 1541 5480 P
1661 5429 1694 5480 30
1712 5426 1784 5498 11111]
1802 5437 1910 5503 scripsi,

264 5532 344 5578 totius
366 5528 417 5576 PM
425 5528 444 5587 ¹,
465 5529 539 5576 toties
559 5523 602 5573 M²
724 5523 754 5572 31
777 5531 874 5571 matres
894 5522 1001 5569 familias
1021 5520 1048 5567 M
1175 5518 1206 5567 32
1226 5518 1291 5566 uidit
1309 5519 1423 5580 tepuisse
1441 5514 1577 5584 feruorem]
1597 5516 1630 5580 M,
1652 5523 1752 5580 tempus
1774 5519 1913 5578 (exactum

265 5615 323 5665 add.
340 5612 384 5675 pap
408 5630 435 5663 se
454 5627 583 5663 seruorum
605 5612 641 5674 (se
659 5624 790 5660 seruorum
808 5624 863 5671 esp.
879 5604 925 5668 1³²,
947 5608 968 5655 P
1106 5605 1138 5654 33
1159 5605 1294 5667 maurrsole3
1318 5603 1346 5651 M
1351 5605 1359 5640 ¹
1509 5603 1540 5652 35
1559 5600 1674 5670 sumptu]
1695 5602 1728 5665 M,
1749 5602 1865 5666 desuper
1888 5608 1915 5657 Ρ

266 5700 299 5750 36
318 5697 414 5766 nostro]
432 5714 481 5777 om.
498 5699 526 5746 M
568 5687 579 5695 ”
628 5698 772 5759 frequentia
792 5695 820 5743 M
