4374 6186
884 377 1055 434 VENANTI
1073 377 1290 435 FORTVNATI

609 567 693 633 hanc
715 567 834 631 famam
857 567 890 632 in
912 568 1065 652 populum
1088 567 1257 651 bisquino
1280 568 1436 640 daemone
1459 569 1581 651 fusam,

609 676 645 734 ut
665 677 799 753 cogente
822 677 908 735 metu
930 670 1087 736 Martinus
1109 669 1213 736 abiret
1234 671 1275 735 ab
1298 671 1388 736 urbe.

508 789 556 830 rso
608 772 746 837 barbara
767 779 943 857 tempestas
965 773 1139 855 tranquilla
1161 773 1234 856 lege
1256 772 1410 855 quiescit:

609 874 812 941 formidanda
833 876 891 941 tibi
914 876 1004 941 nulla
1026 882 1077 941 est
1097 875 1236 960 inruptio
1258 874 1364 959 gentis

607 998 666 1043 nec
688 997 820 1043 cansam
841 999 1002 1043 armorum
1025 977 1167 1044 verearis
1189 978 1279 1063 pacis
1301 984 1436 1043 amator.

606 1080 743 1146 Martino
765 1087 935 1165 praesente
958 1080 1080 1147 aditum
1103 1081 1236 1146 fallacia
1257 1080 1380 1165 perdit,

606 1184 746 1249 mendax
768 1204 846 1249 vera
867 1185 965 1249 refert
987 1190 1161 1249 etcertum
1183 1182 1310 1249 nuntiat
1331 1204 1427 1249 error.

605 1287 758 1352 insatiata
779 1287 873 1352 malis
895 1307 978 1370 quae
1001 1287 1047 1352 sio
1069 1285 1176 1351 fremit
1197 1306 1252 1351 ore
1274 1293 1403 1352 cruento

606 1391 711 1455 bestia
733 1390 821 1455 bella
843 1409 973 1455 movens
997 1390 1160 1456 revocavit
1181 1409 1315 1454 munera
1336 1390 1437 1474 pacis.

691 1493 771 1558 Inde
794 1493 989 1558 Parisiaoam
1013 1512 1105 1558 sacer
1126 1492 1249 1558 intrans
1271 1492 1393 1558 concite
1415 1499 1539 1578 portam

605 1597 713 1662 obviat
734 1596 769 1661 in
792 1596 906 1661 faciem
929 1596 1089 1680 leprosum
1113 1615 1225 1660 versus
1248 1603 1394 1675 euntem,

604 1699 659 1782 qui
681 1698 742 1764 sibi
766 1698 877 1783 dispar
898 1706 967 1764 erat
990 1717 1048 1764 nec
1071 1698 1136 1763 iam
1158 1719 1179 1763 a
1201 1718 1236 1764 se
1258 1698 1405 1782 cognitus
1426 1698 1509 1780 ibat,

605 1802 654 1866 vir
675 1801 810 1866 maculis
832 1800 957 1882 varius,
984 1806 1055 1866 cute
1078 1801 1201 1881 nudus,
1227 1800 1359 1866 vulnere
1382 1808 1502 1884 tectus,

604 1904 678 1968 tabe
701 1902 822 1983 fluens,
848 1921 962 1985 gressu
985 1922 1102 1985 aeger,
1127 1902 1219 1987 inops
1241 1903 1330 1984 visu,
1357 1922 1454 1988 asper
1476 1903 1611 1985 amictu,

605 2013 710 2071 mente
732 2006 848 2088 hebes,
874 2026 928 2071 ore
950 2005 1071 2090 putris,
1097 2006 1223 2070 lacerus
1245 2006 1345 2090 pede,
1371 2024 1450 2072 voce
1472 2006 1643 2088 refractus,

603 2109 752 2174 induerat
774 2109 924 2174 miserum
946 2108 1117 2193 peregrino
1139 2108 1280 2192 tegmine
1302 2108 1415 2193 pallor.

602 2213 784 2298 inprovisus
807 2211 890 2278 enim
913 2213 998 2278 huno
1021 2219 1151 2277 sanctus
1174 2210 1215 2276 ad
1237 2212 1348 2277 oscula
1370 2212 1468 2280 traxit

604 2316 847 2400 astringensque
869 2314 972 2381 virum
994 2315 1068 2380 fuso
1091 2314 1301 2380 medicamine
1323 2315 1423 2381 laxat.

602 2440 676 2484 nam
700 2418 796 2484 simul
820 2426 855 2484 nt
877 2418 984 2501 tetigit
1005 2418 1192 2484 benedictas
1215 2438 1269 2482 ore
1292 2418 1429 2500 salivas,

603 2522 717 2605 effugit
739 2522 941 2605 unguiferum
964 2519 1129 2604 languoris
1152 2521 1279 2585 sarcina
1300 2527 1437 2604 tactum,
1484 2579 1488 2589 .

603 2644 709 2689 mersa
732 2623 835 2706 figura
857 2623 958 2705 redit,
985 2623 1101 2688 faciem
1124 2622 1205 2688 cutis
1228 2622 1357 2688 advena
1378 2625 1490 2708 vestit,

603 2728 646 2792 ad
669 2728 834 2812 speculum
857 2733 979 2792 remeat
1000 2725 1169 2809 peregrina
1192 2725 1295 2792 fronte
1317 2727 1482 2794 character

603 2839 636 2897 et
657 2832 765 2897 deleta
786 2830 841 2895 diu
865 2829 1049 2895 rescribitur
1071 2828 1134 2894 oris
1157 2828 1276 2911 imago.

603 2935 754 3000 virtutum
777 2953 872 3015 qnam
895 2932 984 2997 celsa
1007 2931 1105 3012 fides,
1132 2933 1186 2996 ubi
1210 2932 1331 2998 concite
1354 2935 1456 3000 sancti

602 3037 691 3122 pacis
713 3038 754 3101 ab
778 3035 882 3101 officio
904 3033 1068 3119 perierunt
1089 3034 1212 3118 proelia
1234 3035 1352 3101 morbi!

603 3140 759 3223 conplexu
782 3155 834 3202 res
857 3137 928 3202 dira
950 3136 1051 3219 fugit,
1077 3137 1240 3219 languoris
1262 3136 1364 3221 iniqui

602 3250 693 3328 peste
716 3241 851 3307 cadente
875 3260 990 3305 novam
1013 3247 1184 3323 gessemnt
1205 3240 1315 3305 oscula
1337 3262 1490 3325 pugnam.

602 3345 715 3411 inclita
736 3343 850 3427 religio
872 3342 1019 3422 Martini,
1045 3343 1136 3409 cuius
1158 3343 1277 3408 honore

602 3449 731 3514 foedere
754 3447 820 3512 fida
841 3446 922 3512 fides
946 3446 1098 3512 formosat
1120 3446 1216 3512 foeda
1239 3447 1361 3512 fidelis!

603 3571 621 3617 o
644 3550 723 3617 felix
746 3549 834 3632 regio
857 3548 961 3614 sancti
984 3547 1066 3632 pede
1089 3548 1209 3614 lumine
1231 3556 1335 3633 tactu,

602 3652 747 3719 inlustris
771 3653 926 3719 lustrante
949 3651 1017 3716 viro
1040 3651 1111 3718 loca
1133 3652 1234 3719 lustra
1256 3651 1392 3737 ligustra

372 3897 444 3958 Salp.
465 3895 521 3947 Sec.
547 3898 573 3946 V.
596 3896 632 3947 Μ.

270 4049 392 4100 Martinus
410 4053 501 4115 oppido
520 4052 662 4112 ingeretur:
689 4053 804 4099 barbaros
823 4049 887 4098 nihii
905 4050 989 4096 minus
1007 4062 1081 4110 quam
1101 4049 1131 4096 de
1150 4050 1289 4112 irruptione
1307 4051 1423 4110 cogitare.
1460 4054 1498 4100 ita
1522 4067 1579 4101 cum
1604 4054 1664 4103 haec
1683 4056 1822 4106 inmundus
1843 4064 1899 4123 spl-

268 4137 332 4184 ritus
350 4138 377 4185 in
396 4138 476 4186 media
494 4138 598 4187 eeclesia
617 4138 744 4198 fateretur,
766 4142 834 4183 metu
854 4140 880 4183 et
898 4136 1040 4183 turbatione
1058 4137 1183 4196 praesenti
1202 4136 1288 4183 civitas
1306 4135 1412 4185 liberata
1429 4144 1477 4186 est.

338 4225 379 4284 18,
400 4225 416 4271 3
440 4224 515 4284 Apud
533 4224 639 4271 Parisios
657 4237 729 4283 vero,
750 4223 809 4270 dum
828 4228 923 4282 portam
941 4222 1051 4269 civitatis
1070 4222 1138 4269 illius
1158 4224 1253 4280 magnis
1272 4236 1355 4269 secum
1374 4225 1455 4272 turbis
1473 4225 1593 4273 euntibus
1612 4227 1741 4290 introiret,
1765 4228 1896 4290 leprosum

270 4307 405 4354 miserabili
423 4309 487 4356 facie
505 4309 665 4356 horrentibus
683 4309 781 4356 cunctis
799 4309 927 4355 osculatus
946 4312 984 4355 est
1002 4313 1077 4368 atque
1097 4307 1241 4369 benedixit,
1269 4309 1405 4369 statimqne
1423 4311 1491 4357 omui
1510 4312 1575 4360 malo
1592 4313 1752 4362 emundatus.
1794 4315 1827 4376 (4)
1850 4331 1897 4380 po·

269 4395 334 4439 stero
352 4393 391 4440 die
409 4394 439 4441 ad
457 4395 588 4442 ecelesiam
606 4395 712 4441 veniens
730 4394 824 4442 nitenti
842 4398 899 4441 cute
918 4394 1008 4453 gratias
1026 4406 1070 4455 pro
1088 4395 1202 4455 sanitate,
1223 4407 1298 4455 quam
1316 4401 1453 4456 receperat,
1473 4397 1569 4456 agebat.

269 4623 677 4634 -———..——-—-

337 4801 386 4850 478
405 4799 537 4870 populum]
549 4805 641 4865 populo
652 4803 722 4854 codd.
742 4805 852 4867 (populos
865 4804 896 4867 P,
909 4804 942 4866 cf.
956 4805 1065 4867 11,1⁷r)
1155 4806 1243 4853 demon
1256 4809 1360 4855 effusam
1376 4807 1406 4869 P,
1421 4808 1541 4857 daemone
1553 4811 1677 4859 factamL
1768 4811 1819 4861 489
1837 4814 1897 4875 lege

269 4883 328 4952 ΡΝ]
346 4902 406 4947 pace
424 4887 464 4947 Li,
486 4903 534 4939 om.
549 4889 653 4939 BL¹NS
756 4890 906 4951 quiescetN
1009 4888 1056 4938 481
1078 4890 1226 4938 formidaP¹
1331 4892 1381 4942 487
1401 4907 1469 4941 xxm
1483 4895 1512 4954 P,
1533 4908 1569 4942 xx
1587 4898 1621 4944 sic
1635 4896 1659 4944 N
1761 4911 1895 4950 ternosve

267 4985 407 5021 muneres
427 4974 450 5022 N
553 4976 673 5037 parisiaca
691 4976 722 5036 N,
742 4977 861 5039 parisiaca
880 4976 903 5040 Ρ
1021 4975 1071 5026 489
1091 4977 1138 5023 sibi
1158 4973 1218 5043 ΡΝ]
1238 4980 1273 5026 sie
1292 4977 1346 5040 BL,
1367 4980 1388 5026 si
1407 4978 1452 5026 MS
1573 4980 1620 5031 491
1642 4996 1729 5044 gressu
1746 5011 1780 5021 -
1798 4987 1894 5036 amictu

266 5071 315 5106 om.
336 5057 378 5106 NS
514 5060 587 5107 lnobs
606 5060 629 5107 P
763 5076 837 5124 asper
854 5063 947 5110 amictu
967 5058 1011 5127 [Ρ]
1035 5068 1192 5125 asperametn
1212 5062 1304 5125 BLilif,
1333 5079 1420 5127 aspera
1438 5071 1506 5113 metu
1526 5066 1548 5112 P
1684 5069 1735 5119 492
1759 5069 1894 5140 refractus]

266 5144 383 5193 refrictus
402 5143 473 5193 codd.
498 5146 636 5207 (restrictus
654 5148 681 5207 8)
806 5148 856 5196 494
874 5148 1013 5196 intronisns
1033 5147 1063 5194 Ρ1
1185 5151 1253 5197 enim
1272 5151 1339 5198 hunc
1357 5148 1420 5218 ΡΝ]
1438 5153 1506 5199 enim
1524 5153 1584 5201 hinc
1601 5155 1656 5204 rell.
1780 5156 1830 5207 495
1848 5159 1896 5208 ad-

265 5232 444 5292 stringensque
464 5230 499 5292 N,
520 5232 693 5295 astrigensqne
713 5232 736 5280 N
840 5233 890 5282 496
907 5234 1056 5282 benedictus
1077 5233 1110 5296 Μ,
1131 5235 1275 5283 benedictos
1294 5235 1322 5283 8¹
1439 5237 1488 5285 497
1508 5239 1616 5300 langoris
1637 5239 1673 5302 li,
1693 5242 1823 5303 languores
1842 5242 1893 5309 1²²,

265 5316 377 5378 laguorea
396 5317 421 5364 N
557 5316 606 5367 498
625 5320 689 5367 facie
708 5316 821 5367 norm
942 5321 1021 5368 uestit
1041 5318 1097 5387 NL]
1116 5323 1195 5370 uestis
1215 5322 1245 5385 P,
1265 5325 1344 5372 uertit
1362 5324 1412 5384 BN,
1434 5327 1500 5373 uerit
1519 5325 1548 5372 Μ
1684 5327 1734 5376 499
1752 5328 1895 5400 character]

266 5409 373 5452 caracter
390 5402 461 5452 codd.
601 5404 649 5452 502
669 5401 758 5470 morbi]
786 5405 874 5453 mundi
895 5403 927 5451 L¹
1066 5406 1115 5456 503
1140 5408 1263 5469 conplexu
1285 5406 1407 5476 PMSNl]
1434 5411 1564 5473 complexu
1585 5411 1614 5473 L,
1643 5413 1798 5476 conplexuan
1818 5414 1843 5462 N
1848 5413 1857 5450 ¹

264 5488 319 5536 ulra
337 5489 360 5534 P
478 5488 608 5549 languores
630 5490 650 5536 N
784 5490 832 5538 594
852 5504 917 5538 noua
937 5489 974 5538 1²²
1107 5492 1155 5541 595
1174 5495 1267 5553 inclyta
1286 5494 1333 5542 ΡΝ
1453 5493 1611 5563 religioNS]
1629 5499 1722 5559 relegio
1742 5499 1770 5558 P,
1794 5501 1894 5563 relligio

266 5571 359 5635 BML2,
380 5574 483 5633 reiiegio
501 5573 534 5622 L¹
663 5575 711 5624 596
731 5575 831 5624 foedere
850 5572 914 5642 ΡΝ]
931 5576 1030 5625 foedera
1048 5579 1101 5626 rell.
1226 5581 1344 5629 formosat
1364 5578 1425 5648 PN]
1442 5584 1552 5630 firmosat
1570 5581 1629 5644 ΒΜ,
1650 5585 1732 5633 firmos
1750 5587 1779 5633 ad
1798 5586 1829 5650 L,
1849 5589 1894 5637 iir-

265 5659 341 5705 maiat
359 5657 397 5718 8¹,
419 5660 526 5707 firmarat
544 5657 582 5708 82
686 5661 733 5710 ool
754 5662 841 5722 religio
858 5659 888 5710 8ι
