4374 6186
840 435 1040 493 cARumvnt
1059 438 1130 492 LIB.
1151 437 1214 493 Vll.

464 645 496 684 ιι
549 625 719 691 multorum
742 625 871 691 dubiam
896 624 1035 692 solidant
1056 626 1111 711 pia
1133 626 1247 692 funera
1269 626 1368 690 vitam

636 735 669 795 et
690 728 774 793 redit
796 749 837 794 ex
859 730 982 794 tumulo
1004 729 1187 794 vivificatus
1209 729 1314 794 homo.

549 831 665 896 nobilis
688 851 768 897 urna
788 831 871 914 tegit
891 832 1032 916 pretiosa
1053 833 1176 897 talenta
1197 831 1336 897 tonantis

635 954 673 999 ac
695 935 789 1000 terris
811 935 943 1000 recubat
965 934 1051 1017 quod
1073 955 1170 1020 super
1191 941 1279 999 astra
1299 934 1396 999 volet.

549 1037 605 1119 qui
628 1039 687 1102 sub
710 1058 817 1102 amore
839 1037 892 1103 dei
915 1057 1006 1103 sacro
1027 1037 1244 1103 moderamine
1266 1037 1379 1103 vivens

636 1140 671 1206 fit
692 1140 881 1226 peregrinus
902 1140 1008 1221 humi,
1034 1140 1115 1206 civis
1138 1140 1243 1206 eundo
1266 1140 1344 1225 poli.

551 1242 689 1327 denique
712 1249 784 1329 post
804 1243 878 1308 illos
900 1243 955 1326 qui
977 1243 1187 1309 fundamenta
1209 1250 1394 1318 coruscant,

637 1353 770 1431 postque
792 1346 879 1412 Petri
901 1366 939 1412 ac
960 1346 1054 1411 Pauli
1076 1345 1200 1410 lumina
1223 1345 1326 1430 prima
1348 1344 1429 1426 tide,

550 1449 622 1532 quis
645 1468 796 1515 numerus
818 1449 923 1514 radiat
944 1455 1123 1514 sanctorum
1148 1465 1279 1533 sparsus
1300 1448 1334 1512 in
1357 1448 1452 1529 orbe,

637 1559 757 1635 quanta
779 1552 998 1617 columnarum
1021 1553 1126 1635 gratia
1147 1551 1221 1617 fusa
1243 1550 1348 1633 viget!

551 1676 610 1739 per
631 1656 719 1734 loca,
745 1675 804 1739 per
825 1655 960 1740 populos
982 1655 1101 1720 mundo
1124 1672 1184 1720 sua
1205 1653 1313 1719 sidera
1334 1659 1505 1738 praesunt,

638 1757 792 1841 quidquid
814 1759 855 1823 ab
878 1757 1017 1824 Oceania
1040 1757 1177 1822 circulus
1199 1757 1300 1822 ambit
1320 1756 1426 1838 aquis.

552 1867 656 1925 arctos
678 1860 832 1926 meridies
854 1860 960 1925 oriens
983 1879 1117 1925 occasum
1140 1859 1275 1924 honorat

637 1964 759 2028 lumina
780 1963 966 2028 munenibus
988 1962 1165 2028 clarificata
1186 1958 1264 2027 suis.

553 2064 593 2130 de
616 2066 739 2149 reliquo
761 2065 841 2130 nihil
863 2073 913 2131 est
935 2065 1156 2149 quodcumque
1179 2064 1307 2130 videtur
1328 2063 1360 2127 in
1383 2063 1477 2143 orbe,

639 2189 713 2233 nam
735 2175 840 2233 tumor
862 2168 913 2234 hic
935 2174 1020 2233 totus
1042 2167 1150 2233 fumus
1172 2175 1205 2233 et
1226 2167 1339 2232 umbra
1362 2184 1483 2231 sumus.
1509 2203 1550 2213 —

553 2272 618 2338 Gur
638 2271 736 2354 igitur
757 2277 843 2337 metu
864 2270 999 2335 trahitur
1021 2270 1098 2336 data
1118 2270 1186 2335 vita
1208 2288 1354 2350 susurro,

639 2394 698 2439 nec
719 2375 893 2438 Fortunato
915 2393 1037 2458 pauca,
1062 2373 1190 2454 Iovino,
1216 2372 1338 2438 refers?

553 2483 697 2562 tempora
718 2476 812 2560 lapsa
834 2476 926 2541 vides
948 2495 1053 2558 neque
1075 2476 1172 2559 longa
1194 2474 1325 2543 silentia
1346 2473 1484 2559 rumpis,

640 2598 691 2644 me
713 2597 838 2661 quoque
860 2598 901 2643 ne
923 2597 1057 2643 neorees
1079 2577 1121 2642 ad
1144 2598 1217 2643 mea
1239 2578 1357 2643 damna
1378 2583 1478 2642 taces.

489 2729 493 2741 .
554 2701 617 2745 non
639 2681 686 2745 ita
708 2682 802 2746 rebar
823 2699 941 2763 ovans,
968 2687 1136 2765 postquam
1159 2680 1333 2745 Germania
1354 2685 1480 2744 nostros

641 2784 818 2849 contulerat
839 2783 945 2866 visus,
972 2791 1007 2849 ut
1028 2783 1175 2849 resileret
1196 2804 1294 2849 amor.

555 2885 753 2952 credideram
776 2887 900 2972 potius,
926 2893 1080 2970 quantum
1102 2906 1138 2952 se
1160 2887 1307 2952 tenderet
1328 2892 1436 2963 aetas,

641 2996 676 3053 ut
696 2988 796 3055 vestri
819 2990 954 3054 affectus
977 3007 1012 3054 se
1035 2989 1215 3074 duplicaret
1236 3007 1329 3073 opus.

553 3093 616 3156 heu
639 3092 760 3174 magis,
786 3099 821 3156 ut
843 3091 957 3173 video,
983 3098 1058 3156 vota
1078 3091 1112 3156 in
1135 3091 1293 3156 contraria
1315 3096 1462 3155 currunt:
1546 3135 1554 3150 .

640 3202 784 3279 tempora
805 3195 994 3278 longantur,
1022 3194 1080 3259 sed
1102 3195 1264 3260 breviatur
1285 3213 1385 3259 amor.

554 3317 595 3360 au
618 3303 770 3379 quantum
793 3317 833 3360 ex
857 3297 966 3379 oculo,
992 3303 1115 3361 tantum
1137 3297 1195 3362 tibi
1218 3296 1313 3361 corde
1336 3295 1469 3376 recedo,

640 3406 760 3464 ettam
783 3400 880 3482 longe
903 3399 1011 3464 animo
1033 3420 1129 3481 quarn
1154 3419 1264 3464 sumus
1286 3398 1380 3463 ambo
1403 3399 1495 3463 loco?

555 3522 618 3566 non
641 3523 701 3585 ego
724 3502 771 3567 sic
792 3502 913 3583 refero,
940 3503 1088 3585 quoniam
1111 3503 1169 3568 tibi
1190 3509 1319 3587 pectore
1341 3509 1465 3568 nector:

640 3605 806 3689 praedicat
827 3605 889 3669 hoo
910 3605 1004 3670 aliter
1025 3625 1117 3670 mens
1139 3606 1194 3671 ubi
1216 3605 1311 3670 dulce
1333 3604 1431 3670 fovet.

472 3731 502 3771 ra
555 3728 629 3771 narn
652 3707 703 3772 cui
727 3727 802 3772 cura
822 3707 904 3773 tides
926 3708 1068 3772 animum
1091 3708 1224 3773 sociavit
1246 3708 1357 3788 amici,

641 3809 854 3891 quodminus
876 3817 926 3875 est
947 3811 1048 3876 oculis
1070 3811 1186 3894 flagrat
1208 3831 1315 3877 amore
1337 3809 1457 3893 magis,

555 3918 588 3977 et
610 3911 685 3978 licet
706 3913 871 3978 absentem
894 3913 1001 3997 paries
1024 3914 1114 3979 locus
1137 3915 1212 3979 aula
1234 3919 1388 3994 retentet,

640 4015 734 4081 corde
757 4034 815 4080 suo
837 4015 905 4081 illic
927 4023 994 4096 est,
1021 4022 1070 4081 est
1092 4017 1147 4082 ubi
1169 4016 1272 4082 forma
1293 4017 1437 4101 placens.

555 4117 708 4204 prospicit
729 4119 846 4183 affectu
868 4138 963 4201 quem
986 4118 1076 4183 vultu
1098 4139 1161 4184 non
1182 4118 1271 4183 videt
1291 4118 1380 4203 ipso,

472 4244 502 4284 so
642 4228 675 4286 et
695 4242 758 4286 vox
780 4220 956 4304 longinqua
978 4220 1019 4286 de
1041 4220 1171 4304 regione
1194 4228 1297 4286 sonat.

556 4324 633 4409 quid
656 4330 747 4407 gerat
768 4331 825 4389 aut
846 4324 903 4388 ubi
924 4322 982 4406 sit,
1008 4323 1105 4389 tacito
1128 4324 1205 4389 dare
1227 4324 1327 4389 verba
1348 4322 1492 4401 videtur;

641 4427 725 4492 iutra
747 4446 782 4491 se
804 4426 944 4510 loquitur
966 4432 1092 4511 pectore
1115 4427 1245 4492 clausus
1267 4447 1365 4492 amor.

557 4531 586 4596 si
607 4530 695 4595 volat
715 4549 795 4594 aura
817 4529 917 4610 levis,
943 4535 1036 4613 putat
1058 4529 1133 4595 iude
1155 4529 1264 4595 venire
1286 4529 1424 4594 salutes:

642 4633 703 4697 hoc
724 4631 833 4715 fragor
853 4652 931 4697 aure
952 4632 1051 4698 refert
1072 4632 1157 4716 quod
1178 4632 1273 4697 homo
1295 4637 1402 4698 mente
1424 4631 1516 4713 gerit.

291 5030 324 5078 45
343 5031 564 5092 expectendorum
688 5027 720 5078 48
739 5026 819 5096 uolet]
843 5029 912 5076 uolat
929 5027 1000 5078 codd.
1023 5030 1102 5092 (toust
1119 5029 1148 5091 L)
1274 5027 1308 5077 to
1326 5030 1383 5092 quis
1402 5027 1470 5076 11oe
1484 5029 1581 5079 mu
1702 5047 1808 5081 umorem
1830 5033 1850 5079 c

224 5116 258 5166 56
276 5119 346 5165 ciues
365 5118 387 5162 Α
492 5114 593 5164 51-58
612 5120 697 5163 extent
716 5117 743 5162 r'o
764 5113 823 5174 Ps.
837 5113 885 5164 ot'
900 5121 955 5176 post
975 5112 1025 5177 111,
1048 5118 1070 5178 7,
1095 5117 1126 5163 12
1239 5114 1269 5164 51
1290 5115 1351 5177 quid
1371 5116 1392 5162 A
1503 5114 1535 5164 tt
1552 5117 1652 5165 iumine
1671 5119 1703 5178 A,
1724 5119 1792 5166 lnme
1811 5118 1848 5165 Mt

225 5201 257 5251 53
275 5202 357 5250 redint
376 5198 408 5268 P]
427 5202 508 5249 radiet
525 5201 579 5249 rett.
721 5200 753 5248 56
772 5201 893 5262 quidquid
914 5198 969 5268 AC]
987 5202 1106 5263 quicquld
1126 5199 1244 5248 PMGBL
1383 5200 1414 5249 57
1433 5207 1512 5249 arctos
1532 5199 1613 5269 PGB]
1631 5204 1725 5253 trcthoo
1743 5204 1847 5263 AOMR,

224 5290 322 5336 archtos
342 5288 362 5334 t
501 5286 533 5336 58
551 5288 640 5335 limina
660 5285 682 5332 P
802 5289 829 5334 tn
847 5285 870 5332 P
885 5290 994 5348 sequitur
1012 5286 1051 5333 11
1056 5325 1062 5350 ‚
1084 5289 1101 5335 2
1239 5286 1271 5335 59
1292 5288 1474 5350 (quodcumque
1493 5285 1569 5348 out)
1694 5293 1756 5338 urbe
1775 5289 1848 5338 tt¹c¹

224 5373 255 5422 61
276 5373 335 5433 (ost.
355 5374 416 5434 quiu
434 5373 512 5432 igitur
530 5379 617 5421 mutuo
738 5372 771 5420 66
791 5373 904 5420 resileret
923 5369 1025 5438 CDBL]
1043 5374 1152 5421 resiliret
1172 5370 1280 5432 Auen,
1299 5374 1460 5420 rescribttF
1582 5374 1614 5423 67
1634 5376 1790 5424 crededcrsm
1812 5375 1849 5424 ΜΙ

225 5459 257 5508 70
275 5461 402 5508 breulstor
420 5457 457 5504 Μι
474 5460 543 5519 (corr.
560 5456 604 5518 Mt,
623 5456 665 5516 θ’,
685 5458 788 5505 bruatur
808 5457 828 5503 O
943 5458 971 5507 71
994 5460 1040 5507 tibi
1060 5465 1160 5507 tantum
1179 5457 1201 5506 L
1317 5457 1349 5507 73
1368 5459 1404 5507 sle
1422 5459 1502 5507 retero
1519 5462 1536 5507 t.
1558 5474 1578 5509 e.
1598 5475 1645 5520 par
1661 5465 1717 5522 part
1734 5462 1846 5524 rependo,

224 5543 266 5592 sed
284 5544 343 5605 sort.
363 5543 516 5591 mumdum
535 5545 570 5592 sic
588 5545 659 5592 rebar
798 5542 830 5591 74
848 5545 907 5592 liter
927 5544 951 5589 D
1080 5558 1152 5593 meus
1170 5550 1192 5594 et
1210 5546 1280 5593 louet
1298 5547 1314 5591 ι’.
1329 5559 1378 5592 ros.
1399 5545 1460 5592 dm.
1481 5543 1503 5592 θ
1525 5546 1604 5606 (meus
1622 5548 1666 5594 ubl
1684 5548 1765 5595 dulcis
1783 5551 1850 5598 luent

230 5629 297 5692 Vm.)
414 5628 446 5677 75
465 5631 574 5678 sociabat
595 5629 626 5677 0¹
644 5629 704 5678 Ven.
815 5632 888 5678 amici
909 5627 1084 5697 Mommsenus]
1101 5632 1179 5679 smloe
1197 5629 1268 5680 codd.
1385 5629 1418 5679 76
1435 5631 1498 5678 culis
1517 5633 1542 5678 D
1654 5631 1688 5681 78
1705 5632 1787 5681 debuit
1805 5648 1851 5682 sno

225 5714 335 5761 estillic
440 5714 467 5762 st
491 5712 570 5781 geret]
588 5718 654 5775 gerit
671 5715 741 5762 codd.
848 5716 881 5765 st
899 5731 959 5765 suro
978 5718 1000 5763 F
