4374 6186
830 411 922 468 vrrs
941 411 1077 470 suuo'rr
1096 410 1257 467 necuim.
1820 420 1860 482 ts

1691 464 1708 496 0

320 609 381 688 (57)
407 604 553 682 Quodam
582 604 692 686 itaque
722 610 866 688 ternpore
896 622 966 668 cum
996 601 1083 667 idern
1107 602 1221 667 beatus
1244 601 1293 667 vir
1316 601 1478 667 Leobinus
1501 622 1540 668 ex
1563 624 1650 670 more
1674 607 1858 691 pontificum
1883 602 1976 667 XVII

229 709 435 795 parroechias
466 728 542 773 suas
573 705 798 773 circumeundo
828 705 973 772 visitaret
995 711 1028 770 et
1048 704 1249 769 Avallocium
1273 705 1492 789 pervenisset,
1526 706 1656 790 quidam
1680 728 1796 776 caecus
1818 711 1860 776 ab

229 812 324 878 aunis
353 818 423 877 octo
452 811 607 877 caecitate
636 810 863 875 obtenebratus
893 815 929 874 ut
954 808 1102 891 cognovit
1124 807 1226 872 virum
1250 815 1395 873 sanetum
1419 828 1477 893 per
1497 809 1588 875 illum
1612 812 1717 878 locum
1741 811 1861 880 habere

230 914 408 995 transitum,
428 913 592 979 humiliter
607 913 708 998 petiit,
729 919 764 977 ut
778 932 836 997 per
850 912 953 977 erucis
970 911 1171 996 signaculum
1187 930 1222 976 se
1238 910 1388 978 redderet
1402 911 1628 979 illuminatum.
1682 915 1742 998 (58)
1766 915 1860 993 Quod

197 1019 279 1083 uvir
309 1025 438 1083 sanctus
465 1016 654 1098 aliquandiu
677 1034 844 1095 recusans,
879 1015 996 1080 timeus
1018 1035 1059 1079 ne
1083 1015 1230 1080 virtutem
1254 1014 1416 1099 operando
1438 1014 1562 1097 aliquid
1585 1017 1787 1100 arrogantiae
1810 1019 1861 1083 vi-

230 1121 360 1187 deretur
389 1139 553 1186 assumere
583 1140 624 1185 ex
654 1117 830 1204 episcopali
859 1117 1054 1198 ministerio,
1089 1117 1165 1182 dum
1195 1124 1287 1183 caute
1317 1118 1388 1183 vult
1410 1118 1564 1199 transire,
1598 1120 1728 1186 tandem
1751 1142 1772 1186 a
1794 1122 1861 1186 suis

229 1223 414 1308 compulsus
436 1231 495 1302 est,
523 1229 558 1288 ut
579 1243 672 1307 opem
695 1221 841 1286 medelae
865 1221 1029 1286 aerumnis
1052 1221 1139 1286 caeci
1163 1222 1337 1286 clementer
1358 1220 1569 1304 impenderet.
1623 1226 1683 1305 (59)
1708 1223 1771 1301 Qui
1793 1231 1861 1289 sta-

229 1327 286 1392 tim
309 1326 457 1411 preeibus
480 1325 595 1392 devote
618 1325 771 1411 peractis,
806 1343 877 1389 cum
901 1323 1068 1408 signaculo
1092 1324 1195 1389 crucis
1218 1324 1383 1389 excutiens
1407 1325 1574 1390 caecitatis
1597 1326 1770 1410 caliginem
1794 1327 1862 1411 pri-

230 1430 313 1494 stino
336 1429 510 1495 extinctum
533 1429 696 1513 reparavit
716 1427 838 1493 lumine
861 1427 994 1505 vultum,
1022 1445 1085 1509 quo
1107 1446 1222 1491 caecus
1246 1425 1351 1491 fuerat
1374 1433 1472 1492 autea
1494 1427 1666 1493 alienatus.

182 1547 210 1586 ¹⁰
322 1534 382 1615 (66)
409 1531 575 1597 Adiciatur
604 1532 702 1597 etiam
732 1531 808 1596 huic
830 1531 963 1596 honesto
985 1529 1075 1614 operi
1096 1529 1179 1595 illud
1201 1530 1308 1595 nobile
1332 1529 1536 1610 miraculum,
1572 1550 1635 1613 quo
1658 1532 1706 1595 vir
1728 1539 1858 1619 sanctus
1882 1527 1992 1592 XVIII

103 1718 107 1725 Ι
229 1635 362 1702 medens
391 1636 519 1701 sanavit
546 1634 767 1721 hydropicum.
815 1634 899 1699 Dum
930 1632 1180 1716 gloriosissimus
1203 1652 1260 1698 rex
1282 1632 1508 1699 childebertus
1530 1635 1660 1700 beatum
1683 1635 1859 1701 Leobiuum

230 1739 416 1823 episcopum
439 1739 584 1804 Rctoialo
615 1745 759 1823 speraret
786 1735 829 1802 ad
858 1756 893 1802 se
923 1743 1089 1802 venturum
1119 1743 1152 1801 et
1180 1736 1214 1801 in
1236 1736 1308 1820 ipso
1330 1736 1444 1802 itinere
1466 1736 1635 1802 accederet
1656 1737 1854 1819 Arallovieo,

231 1841 358 1906 oblatus
374 1841 567 1924 estquidam
583 1841 778 1926 hydropicus
793 1838 888 1904 nimis
903 1846 1015 1904 tensus
1031 1837 1219 1921 visceribus,
1246 1838 1378 1905 sanitati
1395 1839 1623 1906 restituendus.
1678 1841 1738 1922 (61)
1766 1839 1861 1918 Quod

231 1963 303 2009 cum
326 1943 470 2029 pontifex
492 1965 549 2029 pro
572 1942 824 2011 obtrectantibus
844 1948 1005 2008 recusaret
1019 1941 1167 2026 sospitati
1182 1942 1361 2021 restituere,
1389 1962 1517 2008 suorum
1533 1943 1683 2028 precibus
1699 1942 1856 2028 pulsatus,

183 2060 211 2098 1⁵
231 2047 323 2129 signo
355 2047 457 2112 crucis
488 2047 632 2132 opposito
662 2046 765 2112 omnis
793 2052 898 2110 tumor
927 2043 1073 2130 ydropici
1103 2044 1234 2128 fugatus
1264 2045 1401 2127 resedit,
1434 2046 1593 2112 viscerum
1623 2046 1713 2112 dolor
1734 2045 1861 2130 penitus

231 2151 366 2216 recessit
394 2158 426 2216 et
454 2151 537 2216 cutis
565 2158 688 2216 tumore
717 2149 861 2233 deposito
891 2149 924 2212 in
947 2148 1114 2232 planitiem
1136 2147 1267 2214 redacta
1291 2155 1354 2227 est,
1389 2155 1519 2232 aegroto
1542 2169 1562 2213 a
1584 2149 1694 2214 mortis
1717 2149 1860 2234 periculo

232 2252 377 2319 liberato.

322 2356 382 2438 (62)
409 2356 572 2421 Inseratur
593 2356 627 2419 in
649 2355 780 2440 pagina,
810 2354 948 2437 qualiter
970 2374 1028 2438 per
1050 2362 1194 2419 sanctum
1217 2354 1321 2419 virum
1344 2361 1544 2420 evanuerunt
1566 2354 1726 2420 incendia.
1774 2355 1861 2433 Quo-
1884 2353 1963 2418 XIX

231 2458 305 2523 dam
336 2464 477 2542 tempore
508 2459 584 2523 dum
614 2458 729 2523 beatus
760 2457 920 2523 Leobinus
949 2476 1020 2522 cum
1050 2456 1204 2523 Medeveo
1233 2456 1460 2523 consacerdote
1490 2478 1509 2522 a
1541 2477 1639 2542 saepe
1669 2456 1754 2522 dicto
1784 2477 1860 2542 rege

181 2570 211 2612 2⁰
230 2563 373 2628 Parisius
397 2561 512 2628 fuisset
533 2562 688 2627 invitatus
711 2568 744 2626 et
765 2559 836 2626 dies
858 2561 1000 2645 paschae
1023 2560 1093 2625 vice
1115 2559 1274 2644 pontificis
1297 2559 1385 2625 illius
1400 2561 1461 2625 loci
1477 2559 1620 2625 defuncti
1635 2559 1862 2644 episcopaliter

229 2665 454 2749 transegisset,
489 2685 509 2729 a
538 2671 628 2750 parte
658 2663 815 2729 basilicae
845 2663 932 2729 beati
956 2661 1118 2728 Laurentii
1148 2669 1241 2729 noctu
1269 2662 1353 2728 edax
1376 2662 1462 2745 ignis
1485 2662 1622 2728 exiliens
1645 2661 1756 2727 domos
1779 2682 1860 2747 pen·

231 2768 325 2833 dulas
348 2788 432 2850 quae
454 2788 511 2852 per
533 2775 662 2852 pontem
686 2773 886 2832 constructae
909 2773 1001 2831 eraut
1021 2785 1155 2831 exurere
1177 2765 1284 2850 coepit
1306 2772 1338 2830 et
1359 2785 1423 2831 non
1445 2766 1549 2830 solum
1572 2786 1612 2831 ex
1636 2765 1740 2830 vicino
1762 2763 1861 2830 fluvio

230 2871 431 2936 incessanter
452 2891 536 2954 aqua
560 2869 731 2956 superfusa
752 2888 816 2934 non
839 2867 1021 2953 adquievit,
1054 2867 1233 2934 sedetiam
1257 2868 1378 2933 civitati
1400 2868 1563 2952 proximus
1586 2868 1710 2933 civibus
1733 2875 1768 2934 ut
1789 2868 1862 2934 uni-

230 2993 325 3038 versa
355 2980 556 3039 consumeret
585 2993 736 3057 magnum
759 2972 904 3037 timorem
927 2971 1073 3037 incussit.
1125 2972 1186 3053 (63)
1214 2971 1256 3036 Vt
1279 2976 1386 3035 autem
1409 2990 1466 3035 rex
1489 2971 1529 3036 ob
1553 2970 1723 3036 clamorem
1747 2971 1859 3056 populi

180 3086 210 3127 ²⁵
231 3075 489 3160 expergefaetus,
516 3095 629 3161 sopore
652 3075 769 3160 quietis
791 3075 937 3158 abrupto,
964 3094 1094 3140 causam
1117 3075 1273 3140 tumultus
1296 3081 1495 3157 agnosceret,
1523 3073 1692 3139 confestim
1715 3073 1758 3139 ad
1780 3074 1862 3141 bea-

230 3187 297 3243 tum
315 3178 491 3244 Leobiuum
514 3178 625 3262 dirigit
648 3179 792 3258 missum,
818 3185 854 3242 ut
876 3177 1041 3243 celerrime
1065 3176 1198 3242 veniens
1214 3176 1336 3242 civitati
1352 3183 1560 3242 succurreret.
1614 3178 1675 3261 (64)
1703 3176 1768 3243 Sed
1784 3176 1861 3242 dum

230 3282 339 3347 multis
368 3281 585 3361 hortantibus,
620 3288 656 3347 ut
684 3289 853 3347 antaeum
877 3281 1082 3358 iretlocum,
1116 3300 1177 3363 quo
1202 3299 1354 3362 maguum
1377 3277 1536 3363 flagrabat
1557 3279 1761 3362 incendium,
1794 3279 1856 3345 ait:

230 3385 300 3450 Viri
327 3385 459 3466 fratres,
492 3385 560 3450 illic
590 3384 819 3450 occurrendum
849 3390 898 3448 est
927 3383 1035 3462 uobis,
1069 3381 1154 3447 unde
1179 3389 1288 3447 contra
1310 3381 1459 3448 flammae
1481 3384 1614 3467 globum
1638 3382 1781 3448 divinum
1804 3403 1862 3468 po-

231 3488 293 3552 tius
322 3508 418 3569 quam
445 3488 619 3553 humanum
647 3488 831 3572 imploretur
852 3487 1020 3552 auxilium.
1073 3487 1134 3569 (65)
1161 3486 1318 3564 Quicum
1342 3495 1492 3572 pergeret
1514 3487 1557 3552 ad
1580 3486 1751 3552 ecclesiam
1774 3492 1806 3552 ct
1828 3487 1860 3551 in

181 3613 211 3650 :ro
230 3597 346 3655 terram
378 3597 553 3675 prostratus
585 3590 729 3655 divinum
759 3588 954 3673 efflagitaret
979 3589 1186 3673 suffragium,
1220 3589 1487 3654 fretusoratione
1511 3609 1668 3654 unacum
1692 3609 1861 3656 consacer-

232 3691 307 3758 dote
338 3692 381 3757 ad
411 3693 517 3775 ignem
549 3693 734 3777 properavit
755 3693 904 3778 impiger.
953 3694 1090 3776 Moxque
1112 3693 1199 3776 iguis
1222 3712 1424 3776 compressus
1446 3692 1516 3757 eius
1539 3693 1681 3758 oratione
1703 3693 1737 3756 in
1760 3699 1862 3758 seruet

231 3795 301 3879 ipso
331 3794 438 3860 deficit
467 3802 499 3860 et
526 3795 612 3861 uires
643 3816 723 3878 quas
748 3795 951 3862 incendendo
974 3795 1123 3861 aedificia
1145 3802 1365 3880 assumpserat
1388 3795 1588 3861 obliviscitur
1610 3803 1643 3862 et
1663 3796 1709 3861 ita
1732 3795 1860 3860 flamma

231 3898 302 3962 eius
325 3898 505 3963 interventu
529 3898 734 3979 consumitur,
763 3905 797 3963 ut
818 3899 851 3962 in
875 3907 977 3964 semet
998 3898 1072 3983 ipsa
1094 3904 1218 3964 mortua
1241 3897 1368 3983 penitus
1392 3898 1622 3983 consopiretur.

324 4003 396 4081 (bill
419 4001 488 4066 Nec
516 4000 596 4067 illud
625 4002 752 4067 silentio
783 4003 1050 4086 praetereundum
1079 4008 1129 4066 est
1158 4001 1362 4081 miraculum,
1401 4000 1485 4083 quod
1515 3999 1664 4066 nobiliter
1691 4000 1860 4066 virtutibus
1883 4000 1948 4064 XX

182 4127 211 4165 :rr
231 4102 323 4168 floret
352 4104 529 4186 egregium.
578 4104 744 4182 Quaedam
774 4104 834 4170 deo
864 4105 981 4171 devota
1010 4125 1051 4170 ex
1073 4103 1267 4169 monasterio
1290 4104 1469 4187 puellarum
1493 4123 1566 4168 cum
1588 4103 1728 4169 tunicam
1752 4101 1882 4179 domni,

232 4207 364 4272 Leobini
393 4225 492 4272 eausa
522 4206 697 4273 consuendi
726 4207 908 4291 accepisset
937 4207 1032 4273 etde
1055 4226 1136 4272 novo
1159 4204 1213 4272 filo
1238 4207 1415 4272 resarciens
1438 4205 1622 4286 refecisset,
1655 4212 1749 4271 vetus
1772 4204 1861 4270 filum

232 4329 272 4374 ex
301 4329 342 4374 ea
370 4310 532 4394 accipiens
559 4310 601 4375 ad
633 4330 723 4375 suam
747 4331 858 4375 zonam
882 4331 922 4376 ex
945 4310 1009 4376 fide
1032 4309 1190 4392 alligavit.
1239 4310 1334 4375 Soror
1357 4329 1432 4374 vero
1456 4308 1526 4374 eius
1550 4308 1742 4389 saecularis,
1776 4328 1861 4391 quae

231 4432 351 4495 pavore
374 4432 530 4478 concussa
552 4414 595 4479 ad
618 4433 689 4478 eam
712 4413 911 4496 confugerat,
939 4412 1080 4478 diluculo
1103 4430 1301 4495 consurgens
1324 4380 1423 4477 cinxit
1446 4431 1558 4477 zonam
1582 4412 1709 4493 sororis,
1735 4413 1787 4476 cui
1810 4411 1862 4475 in-

231 4523 300 4580 erat
326 4515 414 4581 filum
437 4515 595 4600 pontificis
618 4516 799 4598 alligatum.
851 4519 911 4598 (67)
939 4517 1021 4580 Tum
1044 4516 1199 4596 daemon,
1226 4535 1246 4580 a
1275 4535 1338 4598 quo
1361 4521 1457 4580 antea
1478 4522 1606 4600 arrepta
1629 4513 1748 4596 fuerat,
1786 4533 1860 4580 sen·

184 4640 211 4679 rc
231 4618 315 4684 tiens
338 4619 425 4686 circa
446 4620 588 4705 puellam
611 4618 734 4702 aliquid
757 4639 909 4703 magnum
933 4618 987 4683 diu
1011 4618 1095 4684 ferre
1118 4638 1180 4683 uon
1203 4638 1309 4704 posse,
1337 4617 1442 4684 acrius
1465 4636 1537 4682 eam
1562 4637 1681 4684 vexare
1702 4616 1860 4700 incipieus

229 4722 383 4787 clamavit
412 4742 472 4807 per
499 4741 535 4786 cs
566 4722 696 4805 puellae
725 4721 867 4788 tunicam
897 4722 1004 4788 domui
1027 4721 1161 4787 Leobini
1190 4722 1281 4787 velut
1301 4721 1410 4805 ignem
1433 4720 1516 4786 ferre
1539 4740 1602 4785 uon
1625 4737 1731 4804 posse.
1779 4719 1860 4785 Cum

231 4825 292 4890 hac
320 4825 428 4907 itaque
459 4824 688 4891 vociferatione
711 4824 848 4890 daemon
871 4824 1057 4908 egrediens,
1091 4825 1201 4909 puella
1223 4824 1332 4889 tristes
1354 4823 1491 4890 foetores
1514 4824 1585 4890 eius
1608 4841 1678 4888 cum
1703 4822 1860 4905 sangnine

232 4928 352 5011 pariter
373 4928 526 5003 evomuit.
580 4931 639 5010 (68)
668 4929 735 4993 Hoc
757 4928 876 5011 quippe
900 4927 1088 4992 miraculum
1111 4947 1174 4992 non
1195 4926 1253 4992 illo
1276 4925 1404 4992 videtur
1425 4926 1560 4993 inferius
1575 4927 1661 5009 quod
1676 4926 1708 4991 in
1725 4925 1859 4991 muliere

318 5119 350 5167 ra
370 5118 460 5167 naas
482 5120 507 5179 a,
528 5119 570 5168 ro.

321 5445 402 5495 1-17
422 5460 443 5494 c.
464 5445 546 5493 Xl'll.
568 5445 665 5493 xvrll.
686 5443 771 5502 cm.O
887 5444 916 5493 12
935 5440 1084 5511 suelloulco]
1102 5443 1138 5504 cf.
1153 5444 1285 5506 Lonpncn,
1304 5444 1453 5505 Geopruphr'c
1469 5460 1496 5504 p.
1510 5446 1561 5493 3:25
1680 5442 1711 5491 19
1729 5439 1861 5510 medeuec]

232 5531 266 5590 cs.
282 5546 350 5581 conc.
366 5532 450 5581 Aurei.
470 5532 495 5591 V,
521 5532 594 5580 Cone.
612 5533 678 5580 Gall.
692 5532 749 5580 coll.
763 5530 801 5581 ed.
816 5529 898 5582 ellum.
920 5532 943 5591 1,
962 5545 988 5591 p.
1005 5533 1073 5580 1043
1177 5529 1341 5588 sacerdoteQ
1445 5529 1477 5578 23
1496 5527 1636 5592 quieultO
1740 5527 1773 5578 26
1791 5541 1861 5589 gres·

233 5616 330 5674 sumO
454 5616 485 5665 28
504 5618 576 5666 nobis
595 5617 676 5676 esto
797 5616 831 5667 36
849 5612 1011 5683 suffragium]
1028 5616 1193 5675 xuxlliumO
1307 5612 1397 5683 fretus]
1415 5617 1442 5664 lu
1460 5614 1557 5673 oddo
1671 5614 1798 5664 sacerdote
1820 5612 1859 5677 (O)

232 5702 261 5751 31
286 5717 342 5751 mox
361 5705 426 5764 iguis
444 5705 500 5752 eius
517 5705 628 5754 oratione
646 5703 843 5770 compressusO
948 5703 981 5753 34
998 5729 1033 5740 -—
1049 5717 1075 5765 p.
1096 5703 1138 5766 80,
1159 5703 1176 5753 l.
1197 5701 1229 5754 33
1248 5719 1269 5751 e.
1290 5702 1475 5752 xx-xxnr.
1496 5717 1544 5752 cm.
1564 5702 1585 5761 (l
