4374 6186
303 404 380 470 xlv
1001 400 1231 457 ruoouurvu.

347 631 455 713 etqui
479 631 601 713 quaerit
628 631 741 690 invenit
767 636 795 689 et
818 628 959 709 pulsanti
985 628 1151 708 aperietur.
1200 628 1259 690 Oui
1284 647 1353 711 eqer
1380 629 1551 710 respondit:
1585 628 1715 707 Vtinam,
1746 628 1932 691 honorabilis

346 741 449 816 pater,
480 735 608 797 salutem
639 735 780 814 consequi
808 751 942 794 merear.
990 734 1058 812 Ipse
1084 751 1155 793 vero
1185 732 1322 794 addidit:
1352 729 1546 794 Adiutorium
1573 751 1630 815 quo
1659 735 1690 794 in
1717 735 1934 796 monasterium

348 837 516 920 deporteris
538 839 670 920 require,
696 844 724 898 et
745 854 813 899 arui
835 835 928 897 horae
951 837 1065 897 terciae
1086 837 1208 918 sipnum
1231 837 1405 915 intonuerit,
1427 854 1556 918 presens
1580 838 1691 899 assiste
1706 835 1852 920 deumque
1866 856 1933 901 cum

344 941 458 1022 fiducia
484 941 650 1022 deprecare
676 947 703 1001 el
732 938 771 1000 ab
798 939 855 1000 hac
882 957 942 1019 qua
968 939 1112 1000 detineris
1139 939 1300 1001 sanaberis
1328 940 1514 1020 infirmitate.
1562 936 1760 1002 Advenienus
1790 942 1870 1002 enim
1899 960 1936 1002 ea

349 1046 418 1126 ipsa
444 1043 522 1107 hora
547 1045 675 1127 ploriosi
699 1042 869 1106 sacerdotes
899 1041 1026 1120 Christi,
1058 1042 1164 1107 beatus
1190 1042 1329 1105 videlicet
1354 1041 1482 1105 Albinus
1509 1051 1598 1126 atque
1625 1043 1752 1105 domnus
1780 1047 1935 1107 Martinus

352 1149 534 1209 Turonensis
558 1147 762 1228 archipresul,
788 1146 867 1208 hanc
890 1148 1064 1229 inpressuri
1085 1155 1155 1209 sunt
1178 1146 1346 1227 basilicam,
1373 1146 1506 1230 dataque
1526 1145 1627 1209 hocin
1643 1147 1704 1209 loco
1720 1147 1931 1229 benedictione,

348 1253 390 1315 od
418 1252 634 1314 solemnitatem
658 1250 870 1312 translationis
893 1258 920 1311 et
943 1250 1145 1312 ordinationis
1168 1250 1301 1312 eiusdem
1324 1249 1406 1313 beuti
1426 1253 1558 1313 Martini
1579 1251 1672 1313 simul
1698 1252 1827 1314 Turonis
1850 1272 1935 1315 acce-

348 1356 420 1419 dere
442 1355 556 1417 debent.
602 1358 645 1416 Tu
668 1373 737 1437 erqo
762 1361 879 1415 tuntum
901 1353 1000 1431 crede,
1027 1362 1054 1415 et
1076 1356 1107 1415 in
1131 1373 1234 1415 eorum
1257 1353 1391 1416 adventu
1414 1356 1444 1415 si
1458 1371 1586 1434 presens
1598 1351 1711 1434 fueris,
1737 1355 1843 1417 sulvus
1858 1357 1932 1417 oris.

348 1457 592 1542 duperqefactus
619 1466 719 1520 autem
747 1457 853 1519 debilis
880 1458 946 1518 siue
974 1475 1062 1517 mora
1088 1474 1119 1518 se
1142 1458 1185 1518 ad
1207 1456 1340 1519 tumbam
1363 1455 1562 1540 deferrique
1583 1455 1843 1540 sacralcondita
1865 1466 1936 1522 sunt

348 1563 484 1627 membra
501 1561 672 1644 festinavit.
709 1561 824 1622 Deinde
846 1561 917 1622 dum
939 1560 1016 1622 hora
1039 1562 1135 1622 tercia
1157 1561 1281 1623 divinas
1305 1562 1409 1623 clerici
1430 1568 1574 1623 consuent
1596 1560 1713 1641 laudes,
1739 1563 1814 1623 miri
1834 1561 1936 1624 odoris

344 1666 518 1750 fraqlantia
544 1667 645 1727 oniriia
672 1664 919 1745 supereaecellens
948 1671 1089 1726 aromata
1112 1683 1171 1745 per
1199 1672 1291 1726 totum
1309 1665 1457 1745 populum
1481 1665 1587 1746 quiin
1610 1666 1737 1727 ecclesia
1761 1665 1870 1728 aderat
1893 1673 1937 1727 est

347 1788 503 1852 resperso.
544 1773 614 1846 Oria
636 1771 786 1831 suavitate
809 1769 941 1849 repletus
966 1769 1009 1830 ita
1031 1786 1063 1828 se
1087 1768 1264 1829 incolumem
1287 1769 1381 1830 sensit
1404 1768 1579 1851 lanpuidus,
1606 1788 1642 1830 ac
1661 1771 1689 1830 si
1703 1768 1791 1830 nullu
1806 1769 1937 1849 infirmi-
1972 1799 1980 1810 ·

348 1881 407 1935 tate
426 1872 537 1955 suisset
559 1873 705 1951 detentus,
732 1879 758 1933 et
782 1873 835 1953 qui
855 1872 965 1932 alienis
988 1870 1128 1933 manibus
1150 1872 1245 1953 paulo
1268 1879 1338 1933 urite
1361 1870 1402 1933 ad
1424 1873 1525 1934 sancti
1546 1872 1727 1952 confessoris
1743 1873 1936 1954 sepulchrum

345 1975 452 2058 fuerat
482 1976 672 2058 deportatus,
704 1977 842 2056 propriis
871 1975 1014 2054 protinus
1045 1974 1191 2057 prodiens
1215 1973 1344 2057 pedibus
1371 1973 1487 2037 debitas
1515 1995 1582 2038 cum
1610 1977 1693 2038 omni
1713 1975 1827 2058 populo
1857 1976 1936 2038 almo

345 2080 467 2161 presuli
488 2078 640 2141 ALBINO
668 2080 808 2160 rependit
831 2079 948 2140 laudes.
996 2080 1058 2140 Hoc
1080 2098 1139 2139 non
1162 2098 1182 2139 a
1202 2079 1315 2160 paucis
1337 2078 1391 2140 sed
1413 2080 1513 2141 visum
1536 2098 1556 2140 a
1577 2081 1682 2144 multis
1705 2087 1766 2143 tata
1788 2082 1870 2163 repio
1893 2088 1937 2142 te-

348 2191 449 2246 statur
471 2181 708 2247 Andecavensis.

434 2289 500 2349 Non
529 2288 579 2349 ille
606 2287 727 2370 quidem
753 2285 937 2349 solummodo
966 2287 1048 2348 locus
1075 2305 1132 2368 quo
1160 2287 1246 2347 sacri
1271 2286 1408 2367 corporis
1435 2285 1516 2348 beati
1536 2282 1640 2349 Albini
1665 2287 1815 2370 reliquiae
1842 2289 1937 2349 couti-

347 2399 460 2452 nentur
487 2389 602 2453 crebris
627 2391 802 2452 illustratur
825 2390 1000 2468 miraculis,
1031 2408 1138 2450 verum
1161 2391 1251 2451 etium
1273 2389 1444 2471 ubicunque
1466 2391 1532 2452 eius
1554 2409 1662 2452 nomen
1684 2410 1753 2452 cum
1771 2390 1831 2472 fide
1853 2397 1937 2452 recta

348 2495 519 2557 invocatum
546 2494 657 2576 suerit,
695 2501 839 2575 operante
868 2493 985 2555 Christo
1011 2512 1069 2574 pro
1096 2491 1279 2574 confessoris
1307 2494 1358 2554 sui
1384 2494 1514 2572 meritis,
1553 2492 1632 2575 quod
1655 2493 1758 2574 fideles
1782 2493 1938 2575 postulunt

347 2600 521 2678 impetrant,
547 2604 581 2660 ut
602 2599 739 2659 veritatis
763 2598 912 2658 seu-tentia
936 2598 1110 2677 impleatur,
1137 2616 1193 2679 que
1215 2595 1304 2657 dicit:
1330 2594 1462 2677 Pater²⁰)
1483 2614 1566 2657 meus
1580 2615 1675 2678 usque
1690 2595 1775 2658 moda
1791 2603 1938 2677 operatur

348 2706 377 2762 et
398 2719 448 2783 eqo
471 2719 590 2781 operor.
624 2696 629 2783 Ι
664 2703 699 2763 Et
722 2702 851 2762 iterum:
882 2699 1028 2782 Opera21)
1057 2718 1135 2781 quae
1157 2718 1208 2782 eqo
1227 2699 1310 2779 facio
1333 2707 1359 2761 et
1383 2701 1443 2783 ipsi
1464 2701 1518 2781 qui
1538 2701 1570 2761 in
1592 2719 1639 2761 me
1661 2699 1790 2762 credunt
1807 2698 1934 2781 sacient.

349 2804 427 2865 Nom
451 2804 536 2884 apud
556 2805 748 2866 croviensem
771 2805 871 2865 vicum
895 2803 1044 2885 quaedam
1067 2803 1178 2864 mulier
1201 2804 1312 2882 eutitit,
1339 2821 1431 2884 quam
1456 2822 1476 2863 a
1497 2804 1656 2864 nativitate
1678 2821 1800 2865 caecam
1823 2811 1939 2865 natura

349 2905 523 2988 disponente
545 2907 598 2969 deo
622 2909 653 2969 in
676 2907 755 2968 hanc
776 2909 870 2969 vitam
890 2906 1084 2988 profuderat.
1124 2907 1210 2980 Quae
1232 2927 1252 2966 a
1275 2906 1378 2967 mullis
1402 2906 1540 2986 audiens,
1568 2906 1647 2989 quod
1669 2908 1769 2969 sancti
1786 2906 1938 2988 pontificis

348 3010 460 3073 virtute
483 3011 596 3093 leprosi
617 3011 860 3089 mundarentur,
894 3017 1085 3071 sanarentur
1104 3010 1285 3090 paralytici,
1316 3010 1418 3071 visum
1440 3018 1661 3090 recuperarent
1682 3010 1779 3091 coeci,
1809 3010 1941 3091 plurimi

350 3133 370 3175 o
397 3115 461 3176 vita
487 3114 643 3196 desperati
669 3115 782 3193 infirmi
804 3113 842 3175 ab
866 3116 956 3194 ipsis,
988 3121 1020 3175 ut
1044 3115 1087 3175 ila
1109 3113 1224 3192 dicam,
1256 3115 1362 3174 mortis
1382 3112 1525 3194 faucibus
1549 3115 1645 3194 erepti
1666 3121 1766 3175 essent
1787 3121 1876 3195 utqiae
1898 3111 1939 3175 ad

350 3218 444 3279 vitam
463 3218 585 3298 redditi,
609 3227 693 3280 nocte
712 3237 749 3280 ac
767 3217 815 3279 die
835 3219 904 3279 totis
924 3216 1025 3279 cordis
1046 3217 1186 3279 medullis
1207 3224 1344 3278 sanctum
1362 3216 1547 3298 fiducialiter
1569 3215 1728 3278 invocabat
1742 3212 1935 3296 ALBINVM,

350 3328 384 3382 ut
405 3339 479 3383 suae
501 3323 643 3383 miseriae
665 3329 822 3383 assuetum
845 3320 995 3403 conferret
1017 3321 1174 3382 auscilium
1197 3328 1224 3381 et
1246 3321 1326 3382 caeli
1347 3320 1451 3382 videre
1466 3320 1638 3382 concederet
1653 3320 1754 3381 lumen
1769 3338 1828 3382 sua
1843 3321 1940 3381 inter-

350 3426 483 3487 cessione
505 3432 622 3505 suncta,
648 3424 727 3507 quod
748 3424 807 3486 sibi
828 3424 1032 3506 denepaverat
1053 3432 1180 3485 natura.
1221 3424 1282 3485 Nec
1304 3443 1324 3483 a
1336 3442 1462 3504 precum
1477 3424 1608 3486 cessavit
1621 3422 1821 3504 improbitate,
1848 3423 1941 3484 donec

350 3529 527 3611 impetraret
556 3528 635 3611 quod
653 3528 773 3610 petebat
794 3548 814 3589 a
836 3536 939 3589 sancto
962 3527 1143 3609 consessore.
1191 3526 1301 3588 Eodem
1323 3545 1452 3608 namque
1475 3526 1523 3588 die
1545 3545 1601 3608 quo
1624 3535 1754 3590 sanatus
1777 3534 1821 3589 est
1839 3545 1940 3608 paro-

351 3632 470 3714 lpticus,
496 3633 533 3695 de
555 3653 612 3715 quo
635 3653 733 3715 supra
755 3632 905 3710 discimus,
932 3634 963 3693 in
987 3633 1169 3693 monasterio
1192 3632 1368 3693 illuminata
1391 3639 1435 3692 est
1457 3638 1484 3692 et
1504 3631 1578 3692 haec
1592 3630 1704 3693 mulier
1719 3632 1751 3692 in
1766 3632 1832 3692 vico
1844 3648 1940 3711 prue-

351 3736 441 3817 dicto‚
466 3744 644 3818 praestante
665 3736 784 3798 domino
807 3744 910 3797 nostro
935 3737 1003 3797 Iesu
1029 3735 1161 3814 Christo,
1188 3737 1242 3817 qui
1263 3736 1337 3796 vivit
1361 3743 1388 3797 et
1409 3742 1519 3817 reqnat
1541 3734 1615 3796 deus
1636 3753 1693 3815 per
1715 3734 1816 3795 ovirria
1838 3733 1942 3796 semela

350 3841 533 3904 sedulorum.
580 3838 686 3903 Arnen.

394 3992 545 4076 Sequitur
559 3993 783 4059 Miruculorum
801 4012 909 4058 eorum
925 4011 1007 4075 quae
1023 3989 1229 4056 Ballendieni
1257 3993 1314 4056 ‘ex
1330 3989 1397 4054 MS.
1416 3990 1543 4056 Nicolai
1559 3990 1719 4057 Belfortii'
1743 3990 1777 4056 in
1791 3989 1861 4056 ΑΑ.
1878 3991 1938 4056 SS.

308 4114 402 4180 Mart.
427 4113 453 4195 I,
480 4118 521 4179 60
545 4113 715 4181 ediderunt
742 4120 839 4198 caqiut
860 4112 919 4196 1²²)
960 4114 1006 4194 (lu
1029 4115 1182 4175 territoria
1205 4115 1300 4194 iqitur
1321 4148 1364 4157 -
1388 4115 1530 4175 semiusto
1550 4113 1658 4195 pede),
1691 4111 1742 4177 vui
1773 4110 1888 4197 cupitis
1910 4112 1941 4176 ΙΙ

308 4233 435 4300 initium
458 4235 524 4300 alia
545 4255 642 4300 manu
665 4254 751 4301 suec.
777 4234 809 4298 X
833 4232 1009 4298 subiectum
1034 4238 1098 4297 est:

444 4391 563 4475 (hlp'chi
583 4392 703 4453 videtur
724 4392 835 4473 paphie
858 4389 1052 4451 inserendum
1076 4389 1226 4471 quoddam
1250 4389 1459 4451 clarissimum
1482 4389 1676 4468 miraculum,
1703 4387 1782 4468 quod
1804 4388 1845 4450 ad
1863 4387 1944 4451 beati

351 4498 500 4578 pontificis
529 4497 718 4558 mausoleum
747 4497 779 4555 in
807 4494 860 4555 hoc
882 4500 984 4554 nostro
1009 4501 1139 4573 tempore
1161 4500 1276 4555 canstat
1300 4511 1364 4553 osse
1384 4499 1554 4573 patratum.
1602 4494 1638 4553 Et
1658 4492 1804 4572 precipue
1822 4489 1941 4572 futuris

220 4617 237 4660 r.
253 4612 297 4660 ror
353 4603 456 4663 estimo
481 4599 622 4680 fidelibus
642 4596 647 4683 Ι
667 4600 779 4678 scripto
808 4595 1052 4678 propalandum,
1086 4597 1160 4676 quia
1181 4596 1372 4677 presentibus
1395 4597 1464 4657 visu
1487 4597 1548 4657 scia
1571 4596 1772 4656 notissimum.
1820 4597 1856 4656 lit
1877 4594 1942 4656 ideo

354 4723 481 4787 quorum
509 4703 563 4765 hoc
588 4703 666 4785 quod
688 4708 880 4762 narraturus
903 4719 970 4761 sum
994 4699 1151 4761 didicerim
1175 4701 1323 4761 relatione
1346 4719 1403 4760 nou
1428 4717 1609 4781 moqnopere
1631 4698 1745 4760 meravi
1765 4700 1942 4760 nominatim

353 4809 540 4889 depromere,
566 4808 639 4888 quea
661 4823 761 4866 omnes
784 4801 1025 4866 dudecavenses.

311 4961 391 5028 Cum
413 4968 521 5027 autem
544 4959 694 5026 librarius
715 4959 879 5044 inceptum
900 4977 964 5022 nou
987 4957 1164 5043 perfecerit,
1192 4956 1379 5042 particulam
1396 4957 1546 5041 scriptum
1562 4955 1628 5021 alia
1643 4972 1758 5021 manue
1773 4954 1940 5040 expunxit.

311 5082 407 5149 Liber
436 5080 491 5164 qui
520 5081 552 5147 in
582 5081 656 5166 ipsa
678 5079 909 5163 Andeguvensi
939 5079 1017 5144 urbe
1047 5079 1184 5162 scriptus
1214 5077 1341 5143 videtur
1367 5097 1439 5143 esse
1462 5077 1508 5142 itu
1530 5095 1626 5161 cuper
1647 5074 1788 5157 reliquos
1810 5075 1940 5155 eminet,

311 5211 346 5270 ut
368 5203 461 5270 lectio
484 5203 617 5286 vulgatu
639 5200 733 5266 Vitae
755 5200 865 5265 Albini
887 5220 927 5265 ex
950 5221 988 5265 eo
1011 5200 1131 5265 centies
1155 5198 1298 5284 suppleri
1321 5203 1417 5281 atque
1441 5196 1608 5263 emendari
1631 5194 1779 5281 potuerit.

399 5552 442 5615 na)
462 5554 515 5601 rou.
536 5553 565 5612 v,
590 5551 630 5601 rr.

399 5638 441 5702 21)
463 5641 515 5689 ioh.
537 5642 568 5702 V,
590 5639 631 5689 36.

399 5727 440 5789 22)
462 5730 500 5777 Ex
522 5728 687 5776 liscorialenoi
707 5727 784 5774 editio
804 5725 963 5772 Bollsudisnu
983 5722 1137 5770 ourerrdenda
1156 5728 1202 5767 est.
