4374 6186
902 392 1071 447 imm
1090 390 1309 446 ΝΒΠΣΑΠ

625 583 730 666 [ningit
749 581 939 647 inadversus
960 582 1088 664 εἰςιιιιιιι
1109 584 1225 647 crucis.
1271 583 1329 647 illa
1350 583 1488 646 cucurrit

624 696 700 748 autc
723 686 843 749 simun.
868 705 928 749 sna
951 686 1038 749 bella
1059 706 1194 768 gerens.
1221 686 1352 770 pietatis
1372 686 1489 750 amica.

623 788 720 851 obuia
742 788 835 851 turba
858 789 941 870 riget
962 808 1139 871 gressuque
1161 791 1323 873 extorpuit
1343 809 1443 871 aegro

624 900 721 972 atrrue
743 890 863 954 inmota
884 890 988 973 gradu
1012 892 1170 974 vertigine
1193 902 1286 975 rapta
1307 902 1441 956 rotatur.

624 992 756 1057 additur
777 993 877 1058 illud:
903 1014 985 1057 cinus
1006 993 1168 1078 demunt
1190 994 1287 1058 mua.
1313 992 1455 1058 cadauer

624 1115 684 1159 nec
705 1096 769 1159 iam
792 1096 878 1162 ierre
902 1097 1011 1161 valent
1031 1110 1065 1161 et
1087 1118 1171 1161 mcsrs
1192 1098 1226 1162 in
1249 1096 1392 1181 pondere
1413 1098 1537 1162 cracit.

624 1208 700 1263 tnnc
722 1218 815 1263 sacer
835 1199 1015 1284 inspiciens
1035 1220 1118 1284 opus
1140 1200 1201 1264 boc
1222 1219 1296 1264 esse
1316 1200 1546 1283 exequiarum.

522 1330 528 1337 ·
559 1327 570 1363 ·,
624 1302 718 1366 iussit
738 1302 830 1366 abire
851 1303 979 1386 procul.
1005 1302 1119 1384 digitis
1139 1303 1244 1366 crucis
1265 1323 1355 1367 mma
1378 1304 1562 1386 repingens.

625 1404 710 1468 unde
733 1403 850 1487 ligarit
871 1404 950 1469 iter.
976 1406 1146 1470 miseratus
1168 1415 1201 1469 et
1222 1404 1298 1470 inde
1320 1406 1471 1470 resoluit.

623 1527 689 1571 una
711 1506 890 1589 eademque
912 1528 1009 1571 manu
1031 1507 1185 1572 mandata
1207 1529 1266 1592 per
1285 1528 1363 1572 aera
1384 1509 1533 1573 mittens.

624 1610 685 1673 hoc
708 1610 823 1674 mirum
847 1610 971 1675 iaciens
993 1610 1034 1675 de
1057 1612 1242 1695 suspicione
1264 1610 1426 1675 sacerdos.

710 1712 857 1777 Protinus
878 1713 1044 1796 antiquum
1067 1714 1201 1796 cupiens
1222 1733 1358 1778 exurere
1381 1714 1489 1777 ianum

622 1815 717 1880 iussit
738 1824 771 1880 et
792 1815 952 1880 adclinem
976 1816 1107 1900 propius
1129 1815 1293 1881 succidere
1315 1817 1436 1900 pinum.

621 1919 719 1983 obvia
739 1919 944 2001 congreditur
966 1920 1018 1983 cui
1040 1920 1161 1983 rustica
1181 1920 1287 1984 contio
1309 1940 1457 2003 pugnax.

622 2042 662 2087 ne
685 2022 870 2086 succidatur
892 2042 944 2087 res
965 2034 1042 2086 nata
1063 2030 1097 2086 et
1118 2021 1228 2087 debita
1249 2022 1398 2087 flammis.

620 2125 756 2209 proinde
779 2125 987 2209 paciscuntur
1008 2124 1070 2188 bae
1092 2125 1165 2206 lege
1186 2124 1339 2189 excidere
1360 2126 1487 2209 pinum.

620 2229 648 2292 si
672 2227 829 2292 llartinus
850 2247 922 2292 eam
946 2227 1056 2292 valeat
1077 2228 1214 2292 retinere
1235 2238 1391 2292 mentem.

536 2359 548 2397 s
619 2331 733 2396 annuit
755 2331 814 2396 hoc
837 2332 993 2416 populus.
1020 2330 1080 2395 hoe
1102 2331 1240 2414 spondet
1261 2342 1374 2415 sponte
1397 2328 1558 2395 sacerdos.

620 2435 731 2500 mollia
754 2435 935 2499 subduntur
956 2434 1060 2517 rigido
1081 2435 1143 2498 sub
1166 2434 1274 2518 stipite
1297 2435 1440 2498 membra

619 2548 652 2604 et
674 2546 877 2622 suspectatur
899 2537 967 2622 pini
991 2537 1131 2620 peritura
1153 2537 1257 2600 ruina.

618 2643 741 2707 interea
763 2640 887 2725 rapidis
908 2650 1002 2706 sonat
1023 2641 1087 2704 icta
1110 2640 1302 2723 bipennibus
1324 2641 1419 2703 arbor

617 2753 714 2827 atque
737 2743 995 2827 subincrepitans
1017 2762 1131 2806 casura
1153 2743 1319 2808 cacumine
1342 2752 1449 2807 nutat:

619 2847 774 2932 paulatim
797 2845 956 2910 inclinans
978 2845 1042 2909 iam
1066 2846 1150 2910 ricta
1172 2866 1283 2910 secure
1305 2846 1429 2910 mebat.

620 2950 738 3015 turbati
762 2949 909 3014 monachi
933 2957 1104 3032 expectant
1126 2958 1269 3013 extrema
1292 2948 1457 3031 magistri.

618 3054 787 3119 credentes
810 3073 915 3117 ramos
938 3051 1126 3134 transfigere
1150 3052 1273 3116 viscera
1295 3053 1384 3116 iusti.

618 3159 668 3223 vir
688 3164 797 3222 tamen
819 3155 997 3240 intrepidus
1020 3164 1143 3238 perstat
1164 3155 1302 3238 pinoque
1325 3155 1452 3220 cadenti

387 3377 460 3434 Sulp.
482 3374 537 3420 Sec.
564 3372 590 3419 l'.
613 3369 648 3419 lt.

283 3506 360 3552 luerit
379 3504 507 3551 dinoscere
525 3500 586 3562 quid
605 3498 710 3545 rideret.
752 3494 782 3553 (2³,
806 3500 888 3538 tamen
908 3493 966 3551 quia
984 3491 1101 3538 rusticam
1121 3504 1221 3537 uranum
1240 3496 1353 3538 cerneret
1370 3499 1397 3538 et
1414 3500 1504 3552 agente
1523 3500 1597 3538 rento
1614 3493 1693 3539 lintea
1710 3496 1803 3555 corpori
1817 3508 1911 3557 super.

282 3592 349 3637 iecta
369 3590 513 3648 volitarent,
539 3587 653 3648 profanos
671 3580 847 3631 sacrificiorum
866 3579 930 3624 ritus
948 3578 986 3636 agi
1005 3576 1127 3624 credidit:
1152 3577 1212 3637 quia
1235 3584 1303 3623 esset
1326 3577 1385 3623 baec
1404 3578 1532 3625 Gallorum
1557 3579 1659 3627 rusticis
1680 3580 1847 3640 cousuetudo,
1872 3584 1912 3630 si.

282 3677 392 3723 mulacra
416 3676 564 3722 daemonum
589 3669 693 3718 candido
718 3672 783 3714 tecte
809 3664 929 3711 uelamine
954 3665 1042 3710 misera
1065 3677 1110 3724 per
1127 3677 1196 3723 agros
1218 3676 1276 3710 suos
1294 3663 1453 3710 circumferre
1471 3662 1604 3711 dementia
1646 3664 1679 3725 (3)
1698 3665 1778 3712 leuato
1796 3680 1855 3726 ergo
1873 3669 1910 3716 tn

280 3762 438 3810 adversos
459 3760 572 3817 (adverso
589 3758 616 3819 V,
637 3757 767 3803 aduersum
781 3754 811 3811 A,
834 3752 905 3810 signo
923 3752 1004 3798 crucis
1022 3751 1129 3811 imperat
1146 3751 1233 3796 turbae
1252 3762 1300 3796 non
1319 3751 1411 3796 moseri
1430 3750 1481 3796 loco
1498 3761 1612 3810 onusque
1629 3750 1762 3812 deponere.
1794 3753 1837 3800 hic
1849 3767 1911 3802 vero

283 3851 376 3897 mirum
395 3850 421 3895 in
442 3846 540 3894 modurn
560 3844 657 3891 rideres
676 3842 778 3888 miseros
797 3839 908 3899 primum
927 3836 996 3883 velut
1014 3850 1076 3883 saxa
1093 3835 1210 3895 riguisse.
1252 3836 1283 3894 (t,
1306 3835 1373 3895 dein,
1393 3849 1449 3881 curn
1469 3847 1610 3895 promovere
1628 3850 1655 3882 se
1671 3850 1767 3884 summo
1777 3841 1910 3891 conamine

280 3937 438 3995 niterentur,
459 3933 525 3980 ultra
543 3928 659 3977 accedere
678 3939 727 3974 non
747 3925 857 3972 ualentes
875 3922 1004 3970 ridiculam
1023 3923 1050 3969 in
1070 3923 1219 3981 vertiginem
1238 3922 1393 3979 rotabantur,
1414 3921 1492 3967 donec
1511 3921 1569 3967 victi
1586 3923 1694 3982 corporis
1711 3936 1774 3971 onus
1792 3932 1908 3986 ponunt:

280 4023 381 4070 attoniti
400 4026 426 4068 et
444 4024 523 4067 semet
542 4016 650 4064 invicem
669 4013 830 4075 aspicientes,
852 4010 969 4071 quidnam
989 4009 1036 4054 sibi
1055 4007 1195 4067 accidisset,
1218 4008 1288 4055 taciti
1305 4007 1454 4066 cogitabant
1495 4007 1528 4065 (5)
1549 4007 1592 4054 sed
1612 4021 1668 4054 cum
1687 4009 1774 4056 beatur
1793 4009 1830 4056 rir
1847 4023 1909 4057 con.

278 4109 388 4170 perisset
405 4105 568 4166 exequiarum
588 4112 643 4147 esse
662 4099 732 4146 iilam
750 4096 933 4159 frequentiam¹
961 4107 1167 4152 nonsummum,
1193 4094 1289 4140 eleuata
1307 4107 1403 4140 rursum
1423 4105 1497 4137 manu
1516 4091 1559 4138 dat
1576 4094 1614 4140 els
1631 4093 1738 4141 abeundi
1756 4102 1782 4141 et
1800 4095 1909 4144 tollendi

279 4195 386 4256 corporis
405 4197 566 4255 potestatem.
605 4188 642 4234 lta
660 4200 701 4234 eos
720 4193 821 4233 etcum
840 4182 929 4241 voluit,
950 4189 1016 4228 stare
1034 4179 1155 4242 conpulit,
1177 4185 1276 4226 etcum
1295 4180 1381 4239 libuit,
1402 4179 1469 4225 abire
1488 4179 1612 4237 permisit.

350 4281 390 4338 13,
414 4283 424 4325 1
445 4279 518 4337 Item,
539 4289 595 4323 cum
614 4273 640 4319 ln
659 4273 712 4319 vico
731 4270 836 4332 quodam
856 4269 979 4329 templum
996 4267 1201 4327 antiquissimum
1220 4264 1341 4312 diruisset
1358 4272 1383 4311 ct
1395 4266 1505 4312 arborem
1519 4265 1614 4324 pinum,
1635 4277 1700 4326 quae
1713 4266 1906 4327 renuentprc-

277 4367 356 4427 xlma,
377 4371 444 4412 esset
462 4365 595 4424 adgressus
613 4358 737 4417 excidere,
757 4362 812 4405 tum
831 4369 889 4401 vero
907 4356 1014 4401 antistes
1032 4353 1079 4400 loci
1096 4351 1166 4398 illins
1184 4357 1317 4411 ceteraque
1335 4351 1468 4409 gentilium
1487 4350 1561 4396 turba
1577 4351 1659 4411 coepit
1674 4351 1795 4398 obsistere
1806 4364 1827 4399 e.
1844 4367 1867 4412 q.
1881 4366 1904 4402 r.

280 4454 313 4515 (3)
335 4457 389 4500 tum
408 4464 476 4498 unus
495 4464 527 4497 ex
546 4447 659 4507 illisqui
678 4451 730 4492 erat
749 4443 866 4490 audacior
883 4440 988 4488 ceteris:
1016 4441 1039 4486 si
1057 4438 1142 4497 habes,
1163 4437 1256 4498 inquit,
1277 4437 1385 4497 aliquam
1405 4437 1435 4483 de
1454 4436 1500 4483 deo
1519 4443 1577 4496 tuo,
1597 4449 1670 4496 quem
1688 4435 1753 4483 dicis
1771 4443 1796 4485 te
1813 4436 1903 4498 colere,

277 4538 403 4598 fiduciam,
425 4535 589 4595 nosmetipsi
609 4530 764 4578 succidemus
784 4528 848 4575 hanc
865 4527 984 4586 arborem,
1004 4530 1032 4572 tu
1052 4531 1168 4571 ruentem
1187 4523 1289 4581 excipe:
1311 4527 1337 4568 et
1355 4523 1376 4568 si
1394 4528 1477 4568 tecum
1496 4525 1534 4567 est
1552 4526 1622 4580 tuus,
1643 4521 1755 4581 utdicis,
1775 4520 1904 4584 dominus,

277 4625 377 4672 evades.
419 4622 452 4684 (i)
480 4628 533 4669 tum
557 4621 600 4668 ille
618 4617 744 4678 intrepide
762 4616 871 4662 conisus
890 4614 915 4659 iu
934 4612 1033 4659 domino
1052 4610 1176 4657 iacturum
1195 4622 1222 4656 se
1240 4607 1382 4667 pollicetur.
1419 4606 1461 4653 hic
1479 4619 1536 4653 vero
1554 4607 1584 4652 ad
1604 4607 1677 4655 istius
1695 4608 1759 4655 modi
1777 4607 1906 4656 condiclo-

277 4725 334 4758 uem
353 4709 435 4758 omnis
452 4710 497 4756 illa
514 4706 649 4767 gentilium
667 4704 739 4750 turba
757 4700 896 4758 consensit,
924 4697 1074 4758 facilemque
1097 4696 1188 4742 arboris
1213 4708 1274 4740 suae
1298 4693 1405 4740 habuere
1429 4693 1562 4749 iacturam,
1589 4692 1611 4737 sl
1629 4693 1760 4741 inimic-nm
1778 4707 1904 4743 sacrorum

276 4810 377 4845 suorum
395 4809 454 4843 casu
474 4796 543 4842 illius
562 4792 712 4840 obruissent.
753 4789 786 4848 (5)
814 4787 898 4847 itaque
921 4798 977 4830 cum
1003 4797 1078 4829 unam
1103 4783 1128 4827 in
1152 4787 1248 4842 partem
1268 4781 1344 4839 pinus
1362 4778 1405 4824 illa
1422 4783 1489 4824 esset
1507 4775 1627 4837 adclinis,
1653 4783 1748 4826 utnon
1767 4782 1905 4828 essetdu-

274 4885 359 4943 bium,
381 4896 454 4943 quarn
473 4883 499 4927 iu
518 4887 613 4941 partem
633 4875 729 4924 succisa
747 4879 886 4932 corrueret,
915 4883 944 4917 eo
962 4869 1009 4916 loci
1029 4869 1127 4915 vinctus
1145 4868 1266 4914 statuitur
1283 4878 1327 4924 pro
1345 4864 1447 4910 arbitrio
1464 4864 1625 4920 rusticorum,
1653 4877 1701 4924 quo
1718 4866 1828 4912 arborem
1847 4879 1903 4914 ease

278 5057 691 5075 ——-—-—————--

343 5192 393 5242 238
412 5195 440 5240 iu
458 5192 574 5239 aduersos
595 5184 657 5248 us²‚
676 5188 703 5233 in
722 5184 833 5231 aduersis
851 5177 928 5240 PM'2,
950 5180 985 5239 cs.
1007 5180 1046 5238 11,
1067 5181 1113 5224 171
1221 5173 1271 5224 240
1290 5171 1463 5236 euturpuitli‘
1565 5171 1611 5221 241
1634 5174 1728 5222 inmota
1746 5169 1901 5240 Pamin-

273 5291 338 5331 mota
351 5279 392 5328 LS
497 5282 610 5324 rotantur
623 5272 651 5319 M
755 5269 805 5318 243
824 5266 921 5316 morill'
1025 5263 1075 5311 244
1094 5264 1139 5311 boc
1157 5257 1316 5325 esserum]
1334 5273 1389 5307 esse
1408 5255 1511 5317 nocue,
1532 5258 1693 5308 esseBLMB
1795 5259 1845 5309 245
1863 5261 1902 5308 dl·

272 5372 339 5430 gitur
358 5364 419 5415 Blss
526 5362 575 5411 247
594 5374 651 5409 aere
671 5359 694 5406 N
798 5353 848 5404 249
868 5367 901 5401 ιιι·
922 5350 982 5407 ΝΜ,
1003 5364 1054 5397 ιιιιι
1074 5350 1118 5396 ΡΤ
1221 5361 1299 5396 ersus
1318 5358 1423 5394 errores
1443 5344 1466 5391 N
1578 5343 1628 5394 250
1646 5347 1778 5394 succedere
1797 5343 1903 5394 NB¹MB

272 5456 319 5505 251
342 5455 425 5503 mma,
445 5450 501 5499 ppsr
624 5446 674 5496 252
693 5444 846 5492 urrccidiatur
865 5439 897 5486 lt'¹
1027 5435 1076 5485 253
1095 5437 1269 5497 pasciscuntur
1290 5431 1322 5481 N¹
1444 5431 1494 5489 lige
1513 5428 1536 5476 N
1655 5430 1704 5479 254
1722 5438 1835 5481 retenere
1855 5431 1901 5481 ΝΤ

272 5543 322 5594 255
342 5541 460 5606 populius
481 5539 504 5585 N
608 5535 654 5581 hoc
672 5531 779 5594 spondet
797 5522 897 5590 ΡΙΤΜ]
916 5525 962 5571 hoc
979 5523 1080 5584 spondit
1099 5518 1212 5582 Purus,
1231 5520 1331 5582 spondit
1349 5519 1394 5566 boc
1413 5517 1433 5563 L
1546 5515 1597 5564 258
1614 5524 1668 5563 acta
1686 5515 1715 5563 Μ
1815 5518 1900 5580 bipin-

271 5632 346 5679 ΠΜ
366 5625 463 5675 pppppp
566 5621 616 5670 259
635 5616 758 5680 adqucl’
860 5625 959 5657 cassura
980 5607 1028 5655 ΡΜ
1131 5606 1181 5654 250
1200 5602 1298 5671 ruebat]
1318 5601 1427 5650 rulnaii
1531 5601 1576 5649 261
1598 5607 1733 5662 expectant
1746 5599 1811 5668 118²]
1829 5617 1902 5666 spec·

272 5726 327 5767 un,
341 5717 393 5777 pp«,
415 5719 578 5775 expecmpep
592 5707 654 5765 1381,
676 5706 851 5765 „suspectantes
867 5697 917 5745 ΝΜ
1017 5695 1065 5743 262
1086 5688 1177 5757 ramos]
1191 5693 1264 5738 ramis
1276 5689 1345 5737 codd.
1447 5688 1497 5735 263
1517 5693 1610 5748 prestat
1625 5687 1665 5733 ΤΝ
1750 5688 1901 5750 pinuqucP
