4374 6186
212 4185 228 4249 l

254 387 293 449 84
556 382 751 440 OPVSCVLA
770 383 966 440 VENAMTIO
985 380 1215 441 FORTVNATO
1233 383 1341 440 MALE
1359 384 1581 440 ATTRIBVTA

340 573 464 638 XXIII.
492 573 637 651 Qualiter
668 573 701 639 in
732 574 811 639 villa
838 573 973 640 Geriaco
1003 575 1126 640 bubula
1156 574 1368 641 daemonibus
1397 576 1495 660 plena
1525 595 1597 641 eum
1628 595 1731 642 cornu
1763 573 1917 660 petierit

253 678 419 762 ipsamque
443 677 535 760 signo
559 677 660 743 crucis
683 677 829 761 opposito
853 677 1039 742 salvaverit.

339 779 459 844 XXIV.
491 779 636 857 Qualiter
672 779 705 844 in
735 779 918 847 Meduanae
947 778 1045 845 fluvio
1075 779 1280 863 naufragium
1310 780 1471 846 dormiens
1500 780 1680 866 pertulerit,
1729 800 1916 866 experge-

253 882 356 949 factus
379 903 454 948 vero
478 903 512 948 se
535 882 642 967 ipsum
666 891 698 948 et
719 883 801 948 alios
825 883 942 950 exinde
966 883 1129 968 eripuerit.

339 986 443 1050 XXV.
469 985 616 1063 Qualiter
645 993 802 1051 mortuam
832 986 1066 1052 catecuminum
1095 985 1136 1051 de
1164 1002 1295 1051 numero
1324 985 1514 1052 famulorum
1542 1005 1621 1052 suae
1651 986 1828 1052 ecclesiae
1856 986 1953 1051 la-s

252 1089 359 1154 orimIs
383 1097 415 1154 et
438 1089 580 1155 oratione
602 1089 853 1155 resuscitaverit.
1292 1100 1294 1105 ’

338 1191 458 1257 XXVI.
484 1191 629 1269 Qualiter
659 1192 741 1257 duos
769 1192 949 1258 miserabili
971 1192 1127 1276 languore
1151 1194 1296 1276 leprosos
1319 1192 1389 1258 sola
1411 1200 1534 1258 tantum
1557 1192 1754 1258 salutatione
1784 1193 1913 1258 subita

250 1294 459 1380 inspiratione
478 1294 690 1361 mundaverit.

337 1399 473 1463 XXVII.
507 1398 654 1476 Qualiter
686 1398 845 1481 quendam
880 1399 1084 1483 peregrinum
1120 1405 1263 1464 sanctum
1293 1398 1394 1463 virum
1427 1397 1616 1464 eruditionis
1646 1417 1748 1463 cansa
1781 1399 1834 1463 ad
1868 1419 1911 1465 se

250 1502 433 1567 venientem
464 1501 654 1577 mirabiliter
681 1502 715 1567 in
745 1502 798 1568 via
828 1522 886 1585 per
916 1523 987 1568 eum
1019 1522 1124 1567 coram
1154 1502 1264 1568 multis
1295 1502 1474 1567 astantibus
1503 1501 1632 1586 populis
1660 1501 1822 1568 dominns
1848 1523 1909 1569 re-
1934 1523 1967 1564 ro

251 1605 464 1671 suscitaverit.

336 1707 491 1772 XXVIII.
516 1707 566 1772 De
596 1706 765 1773 cotidianis
795 1707 880 1772 beati
904 1706 1044 1772 Maurilii
1067 1707 1239 1773 virtutibus
1262 1715 1294 1773 et
1316 1707 1513 1773 abstinentia
1535 1726 1574 1771 ac
1596 1707 1735 1772 vestium
1761 1707 1908 1776 vilitate

250 1820 283 1876 et
310 1811 440 1893 qualem
463 1830 520 1893 per
543 1830 635 1875 omne
657 1818 785 1894 tempus
808 1810 894 1875 vitae
918 1829 997 1875 suae
1021 1810 1119 1875 vitam
1144 1810 1270 1876 duxerit
1300 1811 1468 1894 qualisque
1499 1810 1585 1876 cirea
1615 1809 1712 1875 finem
1743 1812 1908 1879 extiterit

250 1921 284 1979 et
312 1913 580 1994 quemadmodum
611 1913 744 1997 criptam
768 1911 930 1997 duplicem
962 1912 1006 1978 ad
1027 1913 1245 1996 aquilonalem
1268 1913 1357 1978 urbis
1380 1921 1506 1997 partem
1529 1913 1573 1978 ad
1595 1913 1787 1997 sepulturae
1815 1933 1907 1982 suae

249 2016 353 2080 locam
383 2015 453 2081 fieri
481 2015 610 2081 iusserit
635 2024 668 2081 et
689 2016 828 2099 qualiter
850 2017 935 2082 clero
959 2036 1017 2082 suo
1040 2015 1160 2081 obitum
1184 2036 1277 2081 snum
1299 2016 1397 2099 longe
1420 2022 1495 2081 ante
1518 2015 1707 2100 praedicens
1731 2016 1790 2082 die
1818 2037 1907 2105 sep-
1932 2041 1968 2081 rs

249 2118 329 2185 tima
349 2118 619 2185 incommoditatis
642 2139 747 2184 coram
771 2119 880 2185 multis
903 2119 1041 2185 feliciter
1064 2118 1250 2186 excesserit.

335 2221 459 2287 XXIX.
484 2221 631 2300 Qualiter
657 2223 803 2306 geminos
833 2243 875 2288 ex
904 2230 993 2288 utero
1023 2222 1134 2287 matrIs
1165 2241 1243 2288 snae
1275 2241 1387 2288 caecos
1416 2242 1473 2305 pro
1503 2241 1558 2302 eo,
1591 2229 1766 2305 antequam
1795 2243 1908 2310 sepe·

249 2325 369 2406 licetur,
397 2326 440 2391 ad
463 2325 533 2391 eius
556 2325 708 2391 feretrum
732 2325 880 2392 dominus
903 2325 1144 2391 illuminaverit.

335 2428 443 2493 XXX.
469 2427 744 2507 Quemadmodum
767 2428 928 2511 quendam
952 2428 1154 2513 paraliticum
1178 2449 1235 2513 per
1257 2447 1330 2493 xxx
1344 2448 1446 2494 annos
1461 2429 1496 2494 in
1511 2429 1594 2495 lecto
1608 2428 1782 2511 iacentem,
1814 2430 1906 2496 dum

249 2552 363 2618 corpus
385 2532 473 2598 beati
495 2532 636 2597 Maurilii
658 2538 837 2616 portaretur
860 2530 904 2597 ad
926 2533 1102 2613 tumulum,
1128 2552 1185 2617 pro
1208 2552 1246 2598 eo
1269 2532 1417 2597 dominus
1439 2531 1472 2596 in
1495 2531 1549 2596 via
1570 2532 1746 2597 sanaverit.
1799 2533 1906 2612 Qua·
1929 2556 1966 2598 no

249 2635 321 2701 liter
350 2635 461 2719 quanti
488 2635 595 2700 meriti
617 2634 714 2700 fuen't
736 2634 893 2715 ostendit,
926 2634 1002 2699 dum
1024 2641 1097 2718 post
1120 2634 1190 2700 eius
1212 2634 1380 2700 transitum
1405 2634 1525 2700 crebris
1547 2633 1709 2700 miraculis
1732 2634 1905 2703 dominus

248 2738 318 2804 eius
341 2744 476 2804 exornat
499 2738 718 2822 sepulchrum.
741 2776 744 2783 -

335 2945 436 3010 Raino
462 2944 625 3028 quondam
650 2943 752 3008 sancti
775 2941 904 3007 Martini
927 2941 1108 3007 cotidianus
1131 2941 1309 3027 discipulus
1332 2949 1364 3007 et
1387 2962 1513 3026 semper
1536 2942 1706 3008 canonicus
1730 2963 1770 3009 ac
1796 2955 1902 3031 post-

249 3047 379 3113 modnm
408 3054 538 3112 sanctae
568 3045 811 3111 Andecavensis
841 3044 1000 3110 ecclesiae
1031 3064 1071 3110 ex
1101 3044 1194 3111 initio
1223 3045 1467 3111 christIanitatis
1496 3064 1621 3111 xxmn.
1647 3046 1791 3116 humilis
1818 3051 1902 3135 epi-

250 3170 365 3234 scopus
395 3150 436 3215 ob
466 3150 617 3215 honorem
645 3148 871 3233 omnipotentis
894 3147 945 3213 dei
967 3167 1113 3213 necnon
1137 3156 1169 3214 et
1192 3147 1336 3213 eiusdem
1360 3148 1462 3214 saneti
1484 3148 1625 3233 Maurilii
1647 3155 1744 3232 atque
1767 3152 1902 3219 remis·
1925 3174 1964 3218 2³

249 3255 371 3319 sionem
401 3251 622 3338 peccaminum
651 3251 779 3318 animae
811 3271 888 3317 suae
919 3271 1003 3316 anno
1031 3250 1261 3317 incarnationis
1292 3251 1472 3317 dominicae
1496 3251 1601 3318 adhuc
1623 3251 1656 3316 in
1678 3268 1832 3319 nccccv.
1860 3264 1900 3322 et

249 3355 457 3423 ordinationis
490 3355 692 3441 episcopatus
722 3355 773 3420 sui
801 3355 836 3419 in
866 3373 949 3419 xxv.
981 3354 1066 3420 hanc
1096 3354 1197 3420 vitam
1220 3354 1307 3420 beati
1329 3354 1470 3420 Maurilii
1493 3354 1633 3421 seribere
1656 3374 1694 3420 ae
1717 3357 1899 3438 requirere

249 3460 352 3527 iussit.
400 3457 625 3525 Archanaldus
653 3457 758 3524 sancti
779 3457 908 3524 Martini
937 3457 1116 3542 discipulus
1146 3465 1180 3523 et
1208 3457 1362 3523 diaconus
1391 3458 1481 3523 iussu
1513 3457 1649 3543 praefati
1672 3456 1781 3522 domni
1807 3460 1898 3526 Rai-

248 3563 341 3629 nonis
365 3561 492 3647 scripsit
515 3569 547 3628 et
569 3561 746 3645 requisivit.

746 3950 880 4048 vivi
912 3949 1075 4047 sulii
1107 3948 1377 4047 MAVRILII.
1916 4001 1954 4044 a

343 4186 380 4266 (t)
408 4183 511 4265 Igitur
526 4181 693 4246 Mamilius
709 4180 962 4246 Mediolanensis
985 4178 1094 4264 oppidi
1117 4178 1271 4262 indigena
1285 4179 1390 4246 extitit
1404 4180 1592 4264 parentibus
1608 4179 1890 4264 splendidissimis

249 4293 435 4370 procreatus
451 4292 484 4350 et
498 4287 539 4350 ab
554 4285 634 4369 ipsis
650 4304 732 4368 pene
749 4284 918 4350 cunabulis
933 4303 954 4348 a
968 4283 1062 4348 beato
1080 4281 1232 4363 Martino‚
1259 4283 1315 4366 qui
1330 4283 1396 4348 illis
1412 4283 1608 4367 temporibus
1625 4281 1801 4348 Mediolani
1819 4285 1890 4352 sibi

248 4388 475 4454 monasterium
488 4389 712 4466 collocaverat,
728 4387 827 4453 saorla
844 4386 960 4452 litteris
976 4392 1009 4451 et
1023 4385 1213 4451 liberalibus
1229 4386 1344 4451 studiis
1358 4385 1525 4451 institutus
1541 4392 1601 4450 est.
1643 4386 1681 4468 (2)
1702 4384 1768 4450 Sed
1784 4385 1888 4454 beato

248 4492 386 4558 Martino
400 4491 606 4556 Atrianorum
628 4489 764 4575 perfidia
787 4490 827 4556 de
850 4489 981 4555 civitate
1003 4488 1062 4554 illa
1085 4488 1230 4572 expulso,
1257 4495 1388 4555 sanctus
1409 4489 1476 4553 iam
1491 4488 1661 4554 Mamilius
1683 4494 1748 4556 tam
1772 4477 1888 4557 amore

249 4616 345 4678 quam
376 4614 563 4678 magnorum
593 4593 774 4678 praeceptis
803 4600 972 4678 parentum
1000 4592 1057 4675 qui
1083 4592 1254 4657 Martinam
1285 4591 1373 4677 prius
1403 4592 1494 4674 sequi
1523 4590 1729 4675 concupierat
1757 4590 1886 4658 ibidem
1911 4619 1949 4660 aa

249 4698 432 4763 demoratus
462 4704 528 4776 est,
562 4715 728 4779 quousque
759 4717 780 4761 a
808 4696 903 4761 beato
926 4694 1095 4761 Ambrosio
1125 4693 1227 4779 ipsius
1256 4694 1397 4760 civitatis
1419 4694 1570 4779 episcopo
1592 4693 1727 4759 offitium
1751 4695 1886 4762 lectoris

249 4800 384 4885 accepit.
436 4800 476 4882 (3)
503 4799 630 4865 Interea
652 4807 745 4884 pater
765 4799 885 4884 ipsius,
915 4798 970 4881 qui
992 4796 1160 4864 nobilitate
1189 4817 1228 4862 ao
1256 4797 1378 4862 viribus
1405 4804 1504 4863 totam
1535 4816 1618 4881 pene
1649 4796 1784 4879 regebat
1812 4797 1886 4864 He-

250 4942 427 4950 ·————--
438 4943 470 4948 ...
479 4942 659 4948 -.-...—..-..--

337 5029 378 5077 31.
400 5026 440 5076 32.
463 5026 494 5075 3ῖ
513 5052 548 5062 -
563 5042 590 5087 p.
607 5024 639 5074 85
658 5027 676 5073 l.
700 5025 722 5074 l.
744 5024 769 5074 3.
790 5024 805 5072 4
825 5023 997 5084 Mopnobodaa
1015 5025 1033 5072 l.
1055 5024 1091 5071 l.:
1117 5023 1177 5072 Nam
1197 5024 1228 5072 de
1246 5036 1337 5084 genere
1355 5023 1433 5071 nobili
1452 5024 1573 5084 veniens,
1600 5028 1671 5084 patre
1688 5023 1808 5072 defuncto
1827 5038 1886 5072 ma·

337 5253 347 5301 I
369 5254 507 5312 geroianum
522 5253 549 5298 tn
561 5255 627 5299 tectu
726 5247 741 5296 8
759 5244 942 5313 inspiratione]
961 5250 1055 5309 scripsi,
1077 5247 1248 5308 insperatione
1264 5245 1315 5309 GP,
1336 5248 1496 5308 Inspectione
1509 5245 1614 5295 Bordr'cr
1714 5247 1746 5296 10
1765 5248 1808 5296 uia
1821 5261 1883 5309 par-

249 5347 350 5387 euutem
369 5337 474 5388 Bordier
587 5335 616 5385 17
636 5330 737 5401 XXIX]
757 5335 843 5384 onai]
947 5331 980 5381 20
999 5329 1118 5399 qualiter]
1137 5348 1158 5380 c.
1181 5333 1254 5381 XXX
1273 5335 1322 5383 inc.
1339 5331 1385 5380 GP
1489 5330 1521 5382 22
1541 5328 1712 5398 sepulchrum]
1731 5332 1883 5394 expliciunt

248 5426 358 5488 capitula
375 5423 434 5473 add.
451 5423 473 5471 P
587 5422 620 5473 23
639 5423 708 5470 raino
727 5447 760 5455 -
779 5418 812 5468 29
830 5415 979 5485 requiscit]
997 5417 1020 5478 f.
1036 5420 1138 5469 53-53
1160 5419 1190 5482 0,
1210 5413 1305 5478 s.116'
1325 5419 1353 5481 P,
1375 5420 1417 5466 nbi
1436 5420 1504 5466 locus
1522 5421 1655 5480 prologum
1676 5419 1789 5480 Gregorii
1808 5419 1884 5470 ducit

248 5511 280 5562 tt
300 5508 401 5578 xxxnr]
422 5511 476 5570 ΘΑ,
496 5523 571 5557 xxxv
591 5510 613 5556 P

335 5597 552 5658 301nclpltuita
571 5596 639 5643 beati
657 5594 764 5643 maurilii
783 5593 964 5642 andecanomm
984 5592 1096 5654 epIseopi
1117 5590 1163 5638 GP
1312 5588 1344 5641 32
1363 5588 1519 5657 procreatus]
1537 5604 1586 5640 om.
1602 5589 1647 5638 GR
1782 5590 1883 5640 medio-

249 5682 346 5733 lanoIt
450 5681 482 5731 33
501 5678 552 5747 est]
571 5679 656 5729 omli
762 5676 998 5729 alemanorum?
1100 5675 1132 5726 37
1151 5675 1313 5726 iuribusiG
