4374 6186
992 415 1162 472 VENANTI
1181 415 1400 473 FORTVNATI

717 605 791 670 hinc
812 625 872 670 sua
892 605 981 671 bella
1002 624 1119 688 gerens
1140 612 1247 671 orator
1268 605 1311 672 ad
1333 626 1424 671 arma
1445 607 1578 672 recurrit
1630 620 1633 625 ·
1671 638 1674 643 ·

717 716 864 774 sternens
885 709 1029 774 membra
1051 710 1118 774 solo
1141 728 1238 775 sensu
1260 729 1358 795 super
1380 716 1468 776 astra
1490 711 1631 776 reducto.

717 812 793 876 hinc
815 812 869 877 ubi
892 832 1088 896 consurgens
1111 812 1228 878 faeiem
1251 813 1419 897 conspexit
1441 813 1611 895 alumnae,

717 915 791 980 ilico
814 935 876 980 vox
899 915 996 980 rediit
1018 915 1196 1000 peregrinis
1220 915 1351 980 sedibus
1374 916 1491 1000 hospes

717 1024 750 1082 et
771 1017 917 1082 rediviva
940 1038 1018 1082 suae
1041 1018 1224 1083 cecinerunt
1245 1038 1367 1101 organa
1388 1019 1531 1103 linguae.

718 1120 936 1204 paulatimque
959 1128 1048 1186 artus
1071 1121 1174 1204 liquor
1196 1128 1231 1186 nt
1252 1121 1433 1205 penetravit
1454 1122 1549 1204 olivi,

716 1223 881 1289 vivificata
901 1223 1020 1308 pedum
1043 1223 1183 1306 geminis
1206 1224 1294 1289 stetit
1315 1244 1390 1290 arca
1412 1224 1569 1290 columnis

719 1335 752 1393 et
773 1327 909 1393 fundata
930 1347 989 1392 suo
1010 1328 1183 1411 viguerunt
1205 1327 1346 1393 eulmina
1367 1347 1491 1412 gressu.

805 1431 882 1495 Post
902 1450 1029 1514 quoque
1051 1430 1196 1496 Tetradii
1218 1430 1360 1495 famulus
1382 1432 1582 1516 proconsulis
1604 1453 1721 1518 exspes

719 1533 914 1618 mancipium
936 1533 1069 1599 alterius
1093 1534 1153 1598 sub
1176 1533 1302 1617 hospite
1325 1533 1482 1600 daemone
1504 1535 1627 1614 factus,

719 1635 870 1701 dentibus
893 1642 927 1700 ut
948 1635 1076 1701 rabiens
1099 1635 1215 1700 alienis
1237 1635 1400 1703 frenderet
1420 1636 1519 1701 armis

719 1759 779 1804 nec
802 1758 862 1803 sua
884 1738 943 1804 sed
966 1738 1067 1804 hostis
1089 1737 1181 1804 tieret
1203 1758 1238 1803 se
1261 1738 1362 1804 milite
1385 1760 1505 1823 pugna.

721 1862 816 1924 quem
839 1841 986 1906 dominus
1008 1841 1164 1906 famulum
1188 1840 1326 1926 supplex
1348 1862 1486 1926 purgare
1508 1852 1673 1927 precatur,

720 1945 780 2010 sed
802 1945 876 2010 duci
899 1944 942 2010 ad
965 1952 1111 2010 sanctum
1134 1944 1236 2009 vetuit
1257 1944 1346 2009 ferus
1369 1944 1486 2030 hospes
1509 1953 1541 2012 et
1563 1947 1676 2013 hostis.

720 2047 892 2113 Tetradius
915 2066 1024 2112 mrsus
1046 2046 1125 2112 iusti
1147 2045 1286 2130 vestigia
1309 2047 1454 2113 lambens

720 2151 882 2236 supplicat
904 2159 939 2217 ut
960 2158 1097 2236 pergant
1118 2149 1173 2215 uhi
1196 2169 1313 2216 saevus
1336 2150 1416 2217 latro
1439 2152 1570 2218 latebat.

721 2253 779 2319 sed
802 2274 894 2320 sacer
915 2254 986 2338 ipse
1009 2254 1137 2319 domum
1160 2253 1293 2337 gentilis
1315 2253 1406 2319 adire
1428 2263 1565 2321 recusat.

721 2357 857 2444 spondet
878 2356 1052 2423 Tetradius
1074 2356 1205 2421 humilis
1228 2377 1299 2423 cum
1322 2357 1464 2423 fascibus
1486 2359 1580 2441 altis,

722 2463 750 2526 si
772 2461 888 2544 eripiat
909 2460 993 2526 hosti
1016 2460 1190 2542 famulum,
1217 2479 1253 2525 se
1276 2460 1406 2526 credere
1429 2461 1565 2527 Christo.

720 2564 862 2649 inposita
884 2583 961 2647 ergo
983 2584 1081 2628 manu
1104 2583 1203 2647 puero
1226 2562 1295 2628 fera
1317 2564 1408 2628 larva
1431 2565 1553 2631 recedit

722 2675 754 2733 et
775 2666 862 2731 mala
884 2665 1059 2732 ineundum
1082 2673 1241 2750 pastorem
1264 2666 1369 2732 bestia
1392 2667 1486 2751 fugit.

722 2768 895 2835 Tetradius
918 2769 1037 2853 pariter
1059 2770 1309 2835 catechumenus
1331 2789 1403 2835 esse
1427 2778 1566 2835 meretur

722 2879 819 2954 atque
842 2871 1002 2937 salutiferi
1025 2871 1230 2957 baptismatis
1252 2892 1347 2937 amne
1369 2879 1514 2937 novatur.

723 2975 770 3041 sic
791 2995 872 3061 puer
892 2981 926 3040 et
948 2974 1096 3039 dominus
1119 2974 1254 3039 maculis
1276 2983 1453 3059 purgantur
1474 2976 1652 3061 ademptis:

722 3081 783 3146 iste
807 3079 908 3145 hostis
931 3078 1075 3161 laqueis,
1102 3077 1261 3143 emoribus
1284 3078 1340 3143 ille
1362 3079 1504 3162 solutus,

722 3183 779 3248 ille
802 3202 916 3247 carens
938 3181 1066 3246 animae
1089 3181 1218 3266 poenis,
1245 3181 1297 3248 hic
1320 3183 1426 3248 carnis
1448 3183 1564 3259 erinis,

723 3286 805 3351 liber
826 3291 959 3367 uterque
982 3304 1115 3349 manens
1137 3284 1267 3368 gemino
1288 3286 1429 3350 micuere
1452 3286 1622 3372 triumpho.

723 3387 869 3453 condicio
891 3387 1006 3452 samnii
1027 3388 1160 3453 libertas
1184 3387 1270 3452 lacta
1292 3388 1434 3471 patroni:

724 3491 844 3577 excipit
864 3490 928 3556 iste
952 3490 1065 3574 fidem,
1092 3511 1163 3556 cum
1187 3490 1228 3556 de
1250 3491 1306 3555 illo
1329 3491 1469 3575 perfidus
1491 3491 1568 3557 exit.

493 3690 564 3751 Salp.
586 3687 642 3737 uec.
667 3686 694 3737 V.
717 3685 751 3735 si.

389 3813 521 3861 familiaris
539 3811 565 3858 in
584 3810 659 3858 letius
678 3807 746 3856 modi
762 3807 837 3854 rebus
855 3819 932 3867 uma,
953 3805 1005 3853 solo
1022 3808 1161 3865 prostratus
1179 3806 1266 3853 oravit.
1304 3804 1396 3852 deinde
1413 3817 1510 3865 aegram
1528 3806 1632 3854 intuens
1649 3806 1703 3855 dari
1720 3809 1768 3857 sibl
1785 3809 1867 3859 eleum
1886 3814 2017 3872 postulat:

388 3899 529 3961 quodcum
549 3894 730 3953 benedixisset,
751 3894 778 3940 ln
796 3905 823 3941 os
841 3891 940 3953 puellae
957 3893 1009 3938 vim
1028 3890 1110 3938 saneti
1129 3890 1234 3951 liquoris
1252 3890 1377 3952 infundit,
1397 3891 1532 3952 statimque
1551 3905 1598 3939 vox
1617 3892 1714 3941 reddite
1731 3900 1779 3944 est.
1819 3896 1852 3957 (8)
1873 3902 1934 3945 tunc
1952 3912 2019 3960 pau·

388 3986 461 4034 latim
480 3982 579 4042 singula
597 3984 713 4029 conmetu
732 3979 788 4026 eius
807 3983 943 4039 coeperunt
962 3977 1072 4024 membra
1090 3976 1225 4036 vivescere,
1247 3975 1325 4024 donec
1343 3977 1447 4024 drmatls
1465 3979 1592 4036 gressibus
1609 3979 1701 4041 populo
1718 3985 1784 4029 teste
1801 3983 1919 4031 surrexit.

466 4071 505 4129 17,
528 4071 540 4115 1
561 4066 657 4116 Eodem
676 4070 786 4127 tempore
805 4063 916 4112 Tetradll
934 4062 1064 4111 cuiusdam
1083 4063 1265 4124 proconsularis
1284 4063 1330 4109 viri
1348 4076 1436 4110 servus
1453 4063 1581 4113 daemonio
1598 4072 1726 4127 correptus
1743 4066 1849 4115 dolendo
1866 4071 1938 4116 exitu
1957 4084 2020 4119 cru-

390 4156 511 4204 clahstur.
548 4159 650 4213 rogatus
673 4165 731 4211 erge
749 4151 887 4209 Martinus,
918 4154 948 4196 ut
971 4149 994 4196 ei
1020 4163 1122 4196 mannm
1147 4150 1291 4210 inponeret,
1316 4148 1405 4197 deduci
1428 4163 1486 4196 enm
1510 4150 1540 4197 ad
1564 4165 1591 4198 se
1609 4153 1696 4201 iubet:
1722 4153 1765 4201 sed
1783 4167 1891 4214 nequam
1909 4155 2021 4217 spiritus

390 4242 460 4290 nullo
478 4240 582 4301 proferri
601 4236 672 4285 modo
691 4236 721 4284 de
739 4235 842 4297 cellula,
869 4235 897 4281 in
916 4249 965 4296 qua
984 4240 1051 4295 erat,
1077 4236 1176 4297 potuit:
1202 4236 1281 4282 itale
1300 4234 1463 4283 advenientes
1481 4237 1574 4284 rabidis
1592 4238 1711 4286 dentibus
1729 4240 1863 4287 saeviebut.
1905 4239 1938 4301 (9)
1962 4246 2020 4291 tum

391 4326 523 4374 'l'ctradlus
548 4324 578 4372 ad
602 4337 684 4383 genua
702 4322 771 4370 beati
788 4321 837 4368 viri
856 4321 1008 4381 advolvitur,
1033 4335 1103 4369 orans
1122 4327 1151 4368 ut
1169 4321 1199 4369 sd
1217 4320 1329 4383 domum,
1357 4321 1384 4368 iu
1403 4335 1452 4383 qna
1470 4321 1644 4373 daemoniscns
1662 4325 1811 4387 habebatur,
1838 4327 1893 4387 lpse
1910 4326 2021 4376 deseen-

390 4414 470 4461 deret.
511 4411 544 4472 (3)
572 4415 626 4457 tum
651 4421 709 4456 vero
727 4407 851 4455 Martinus
875 4420 965 4465 negare
984 4421 1011 4455 se
1029 4409 1127 4470 profani
1146 4415 1172 4456 et
1191 4408 1292 4467 gentilis
1311 4408 1411 4457 domum
1428 4406 1498 4455 adire
1517 4422 1602 4469 posse:
1631 4425 1688 4458 uam
1706 4411 1840 4459 Tetradius
1858 4425 1887 4460 co
1904 4417 2021 4476 tempore

390 4498 471 4546 adhuc
489 4495 641 4559 gentilitatis
659 4507 740 4542 errore
757 4493 896 4555 implicitus
914 4493 1056 4542 teuehstur.
1087 4494 1194 4555 spondet
1211 4506 1268 4553 ergo
1287 4507 1323 4552 se,
1343 4494 1364 4540 si
1383 4492 1414 4540 de
1433 4507 1510 4556 puero
1528 4494 1631 4544 daemon
1650 4496 1743 4544 inisset
1760 4502 1873 4559 exactus,
1893 4496 2021 4548 Christia-

391 4598 452 4632 num
470 4584 531 4631 iore.
571 4582 605 4643 (4)
631 4582 667 4629 ita
684 4579 809 4627 Martinus
831 4580 941 4641 inposita
965 4593 1040 4627 manu
1064 4594 1140 4640 puero
1164 4579 1315 4627 inmundum
1334 4581 1364 4627 ab
1383 4594 1411 4628 eo
1431 4582 1546 4641 spiritum
1565 4582 1648 4630 eiecit.
1686 4596 1735 4644 quo
1753 4584 1806 4631 vise
1824 4583 1955 4634 Tetredlus
1973 4587 2021 4634 do-

391 4671 489 4718 minum
506 4668 592 4716 Iesum
611 4666 728 4715 credidit:
755 4667 891 4727 statimque
916 4665 1110 4714 catechumenus
1134 4669 1216 4715 iactus
1238 4680 1284 4714 nec
1302 4668 1381 4716 multo
1399 4675 1455 4728 post
1473 4668 1617 4729 baptizatus
1635 4673 1688 4730 est,
1715 4683 1862 4731 semperque
1879 4669 2019 4721 Martiunm

390 4757 480 4805 salutis
498 4768 558 4804 suae
577 4758 702 4802 auctorem
721 4753 783 4801 miro
800 4753 878 4800 coluit
895 4754 996 4800 aflectu.

461 5030 507 5081 421
530 5033 640 5079 cucurrit
658 5030 680 5078 L
793 5028 843 5077 422
863 5029 966 5077 reducta
983 5028 1055 5075 BMS
1166 5026 1217 5077 423
1235 5030 1361 5076 aluminae
1380 5029 1411 5075 Pl
1524 5028 1575 5078 424
1592 5031 1657 5080 redit
1675 5028 1749 5078 L¹P²
1863 5028 1914 5079 426
1931 5031 2020 5094 loquer

395 5119 418 5166 N
520 5118 580 5165 oliui
603 5113 692 5181 uum]
710 5118 769 5165 ouili
790 5116 824 5177 li,
845 5130 892 5164 om.
908 5115 986 5163 ems
1106 5114 1156 5163 428
1175 5128 1249 5174 green
1271 5116 1294 5162 Ν
1409 5115 1459 5164 429
1478 5129 1536 5163 uun
1557 5117 1586 5179 N,
1609 5131 1642 5164 xx
1662 5117 1684 5164 P
1785 5130 1900 5165 aarum
1919 5131 2020 5169 ssuvvs

394 5204 417 5251 N
532 5205 640 5251 ismulos
660 5202 707 5249 MS
822 5203 982 5264 proconsules
1001 5201 1025 5247 P
1138 5216 1215 5262 expes
1234 5201 1277 5247 Bt
1400 5200 1447 5250 431
1469 5203 1569 5250 rabiens
1589 5199 1663 5268 Pus]
1682 5204 1782 5264 rapiens
1801 5202 1836 5266 u,
1856 5204 1954 5252 rabiens
1974 5204 2020 5254 BL

392 5288 442 5338 432
461 5290 546 5337 hostes
564 5286 662 5337 NPisi
800 5286 850 5335 434
869 5288 913 5334 sed
932 5288 990 5335 duci
1010 5282 1091 5353 Pus]
1109 5286 1210 5334 redduci
1230 5286 1301 5335 Bilis
1438 5289 1530 5349 hospes
1550 5295 1575 5335 et
1593 5284 1684 5354 hostis]
1708 5289 1800 5351 hospes
1817 5295 1843 5338 et
1860 5289 1944 5338 hostes
1962 5290 2020 5354 Pu,

392 5377 478 5438 hospis
496 5380 522 5423 et
539 5375 629 5437 hospes
649 5373 686 5436 hi,
705 5375 785 5422 hostis
803 5379 830 5422 et
848 5375 938 5436 hospes
958 5374 1020 5422 BLS
1136 5373 1186 5421 436
1205 5379 1292 5435 pergat
1310 5373 1332 5419 L
1448 5373 1497 5422 437
1517 5376 1612 5433 gentile
1632 5373 1656 5421 N
1768 5374 1820 5425 438
1838 5375 1945 5438 spondet
1961 5374 2022 5444 BL]

392 5463 495 5524 spondit
511 5462 565 5510 rell.
672 5460 723 5509 440
742 5462 852 5523 inposita
870 5456 976 5525 nnus]
995 5459 1150 5522 impositab
1254 5460 1395 5508 recessitd
1507 5459 1553 5508 441
1576 5461 1712 5509 iocundum
1729 5460 1808 5509 BLM
1907 5460 1959 5511 442
1978 5476 2021 5513 ca-

390 5544 568 5614 techumenus]
585 5548 752 5595 caticuminus
770 5547 841 5596 codd.
948 5545 997 5594 443
1016 5547 1145 5594 salnteierl
1167 5546 1191 5594 N
1293 5546 1450 5594 babtismatis
1470 5544 1521 5592 1³8¹
1627 5548 1732 5596 nouauit
1749 5546 1804 5595 ΒΙ,ι
1909 5547 1960 5597 445
1979 5563 2022 5599 sc·

391 5636 460 5683 intes
483 5633 521 5693 1²¹,
543 5635 632 5681 salutis
653 5634 694 5694 N¹,
716 5635 815 5682 salutns
833 5633 857 5680 N
862 5630 873 5667 ²
989 5632 1039 5681 tte
1058 5634 1136 5680 erinis
1154 5628 1199 5698 12¹]
1217 5634 1330 5680 erumnis
1349 5629 1389 5693 Li,
1410 5633 1495 5691 erynis
1513 5633 1567 5681 vell.
1688 5631 1738 5682 448
1756 5635 1867 5682 condicio
1885 5628 1943 5699 BL]
1958 5648 2022 5684 ecn-

391 5721 453 5769 dltie
473 5719 550 5780 ulis,
571 5720 695 5768 condictio
714 5721 736 5767 Ρ
