4374 6186
868 405 961 464 VITA
981 404 1116 462 sanun
1134 399 1274 461 Annrnr.
1843 405 1884 470 33

260 618 395 666 censura
423 600 626 683 gubernans,
659 597 746 663 vitae
776 603 883 662 autern
913 596 1108 680 octogesimo
1130 616 1233 677 anno,
1265 594 1348 660 illud
1370 593 1589 680 propheticum
1611 595 1645 660 in
1667 595 1884 681 potentatibus

259 702 469 770 beatitudinis
497 701 637 768 culmine
666 700 804 767 feliciter
832 701 984 786 explens,
1018 699 1158 766 animam
1188 697 1249 764 deo
1277 698 1482 764 karissimam
1512 706 1655 784 ereptam
1678 698 1719 766 de
1742 699 1881 781 saeculo,

259 827 443 873 mansuram
474 826 545 872 cum
568 805 695 871 Christo
724 804 850 888 angelis
880 803 1107 889 plaudentibus
1130 802 1288 868 Kalendis
1310 803 1416 868 Martii
1438 802 1544 868 emisit
1565 803 1609 868 ad
1631 802 1756 883 caelos,
1790 822 1886 887 prae-

261 918 367 977 stante
396 909 524 975 domino
546 917 654 974 nostro
677 910 751 974 Iesu
775 906 920 991 Christo,
954 908 1004 973 cni
1028 914 1077 973 est
1098 906 1198 973 bonor
1219 913 1251 972 ct
1272 906 1440 992 imperinm
1463 907 1496 970 in
1519 906 1650 972 saecula
1671 906 1882 972 sacculorum.

227 1014 374 1080 alimen.

750 1709 883 1807 Vrsa
917 1707 1112 1807 SANGTI
1143 1710 1393 1807 Parnasi.

351 1946 392 2031 (l)
418 1945 560 2009 Donnro
583 1959 714 2008 snucno
738 1961 782 2006 nn
803 1959 1014 2028 vnnnnanrnr
1037 1958 1176 2005 nnnrnrs
1191 1958 1349 2020 roroovn
1366 1958 1445 2006 snvv
1459 1958 1622 2007 nacronrs
1637 1957 1889 2006 snrnncnnnno
1912 1940 1928 2004 1

257 2070 297 2117 rn
313 2051 464 2116 Cnnrsno
488 2066 589 2113 nnnnr
608 2047 792 2112 Manrrsno
815 2063 940 2110 annam
957 2046 1187 2111 Fonnvrrarvs
1210 2062 1365 2118 nvnrnrs.
1417 2047 1456 2128 (2]
1483 2046 1622 2129 Magnae
1644 2045 1792 2111 karitatis
1813 2064 1888 2129 pro-

257 2154 321 2220 fert
354 2153 571 2219 testimonium
605 2150 696 2216 cuius
729 2170 837 2215 curam
866 2149 901 2213 in
929 2149 1032 2214 amico
1058 2168 1118 2215 nec
1147 2168 1231 2215 mors
1260 2149 1419 2214 subtrahit
1448 2155 1521 2234 post
1550 2148 1773 2233 sepulchrum,
1810 2169 1885 2214 nam

209 2258 313 2342 requi
343 2257 463 2322 famam
494 2254 647 2320 amatoris
677 2252 785 2319 studet
814 2260 886 2338 post
917 2253 1037 2318 obitum
1058 2252 1163 2337 ipsam
1184 2253 1370 2318 memoriam
1393 2251 1517 2318 fortiter
1538 2252 1644 2336 diligit
1665 2252 1699 2317 in
1721 2251 1882 2333 defuncto,

258 2360 397 2444 denique
429 2359 580 2425 affectum
609 2357 747 2423 viventis
775 2363 842 2422 toto
871 2356 952 2422 bibit
981 2355 1016 2421 in
1044 2363 1189 2440 pectore,
1224 2377 1318 2440 quem
1345 2376 1405 2422 nec
1431 2357 1591 2442 sepultum
1614 2356 1747 2422 abstulit
1767 2355 1886 2422 oblivio

257 2464 298 2530 de
322 2483 480 2530 sermone.
533 2463 571 2545 (3)
599 2461 669 2540 Quo
698 2467 772 2526 voto
802 2459 1012 2541 sollicitante,
1046 2466 1139 2544 pater
1168 2459 1459 2543 venerandissime,
1493 2459 1535 2527 de
1557 2460 1644 2525 beati
1665 2459 1795 2525 Paterni
1817 2458 1887 2544 opi-

258 2567 355 2633 nione
385 2574 451 2633 tam
476 2565 596 2632 celebri
617 2564 787 2648 iniungere
809 2584 873 2629 non
896 2562 1051 2637 distulisti
1072 2583 1093 2627 a
1114 2563 1206 2629 nobis
1228 2564 1339 2646 aliqua
1361 2565 1511 2647 loquente
1534 2563 1654 2649 pagina
1674 2562 1884 2648 promulgari.

261 2671 300 2754 (4)
330 2670 392 2749 Qui
422 2677 508 2735 certe
537 2669 586 2734 vir
609 2667 804 2753 apostolicus
825 2687 885 2732 nec
907 2665 996 2751 apud
1018 2685 1075 2731 vos
1097 2666 1257 2732 oblivione
1279 2686 1339 2733 nec
1361 2666 1449 2752 apud
1471 2687 1530 2732 nos
1553 2667 1671 2733 absens
1693 2667 1797 2733 estin
1820 2667 1886 2734 vir-

209 2798 238 2838 rs
257 2780 342 2855 tute,
376 2794 448 2839 cum
479 2772 583 2856 magis
613 2771 747 2837 sacratis
778 2770 903 2836 actibus
932 2790 1017 2836 nunc
1046 2790 1155 2836 veram
1184 2770 1284 2835 vitam
1306 2770 1467 2855 possidet,
1500 2771 1533 2835 in
1555 2792 1619 2854 qna
1641 2790 1726 2836 mors
1747 2791 1812 2836 non
1834 2770 1887 2836 in·

255 2877 345 2943 venit
375 2877 461 2960 qnod
490 2877 660 2961 extinguat
687 2896 747 2942 nec
778 2875 828 2940 vis
857 2874 955 2940 babet
983 2875 1068 2940 ultra
1094 2873 1180 2958 quod
1209 2880 1339 2955 noceat,
1375 2895 1447 2940 cum
1473 2874 1534 2940 sub
1563 2874 1646 2959 pede
1676 2873 1753 2939 iusti
1780 2873 1886 2958 potius

255 2981 328 3066 ipsa
351 2982 542 3047 subcumbet
564 2986 597 3046 et
619 2985 800 3045 conteratur
822 2980 926 3061 calce,
964 2997 1048 3060 quae
1070 2979 1232 3061 qnondam
1255 2977 1362 3044 suerat
1382 2978 1417 3043 in
1438 2976 1567 3060 timore,
1595 2977 1749 3044 confitens
1769 2978 1829 3044 illa
1850 2996 1886 3044 se

256 3085 452 3170 supplicem,
481 3084 558 3168 quia
581 3083 614 3148 in
637 3083 773 3167 gloriam
795 3082 983 3167 plaudentis
1005 3081 1137 3166 respicit
1160 3102 1254 3164 quem
1277 3080 1397 3147 invasit
1419 3088 1451 3147 et
1473 3081 1576 3166 magis
1598 3082 1710 3147 ordine
1733 3100 1886 3148 converso

255 3187 442 3254 felicissimo
472 3186 633 3272 triumpho
664 3186 779 3252 didicit
805 3187 918 3252 timere
949 3205 1035 3251 mors
1064 3192 1235 3251 mortuum.
1298 3186 1337 3269 (5)
1365 3184 1459 3264 Quod
1487 3205 1567 3272 opus
1596 3185 1629 3250 in
1659 3206 1693 3251 re
1720 3185 1797 3252 licet
1823 3185 1888 3251 ista

206 3313 236 3356 ao
256 3290 385 3374 adituri,
412 3311 508 3374 quam
531 3295 606 3355 ante
628 3289 707 3355 mihi
730 3288 938 3372 commiseris,
965 3296 1073 3354 tamen
1095 3289 1138 3353 ad
1160 3288 1394 3354 oboediendum
1417 3288 1554 3355 libenter
1575 3309 1626 3355 me
1648 3289 1776 3355 invadis
1799 3289 1887 3355 etin

254 3401 311 3460 tua
339 3394 410 3459 iura
439 3393 645 3477 transcribis,
678 3392 828 3477 quoniam
857 3391 945 3476 apud
975 3391 1163 3476 diligentem
1193 3392 1312 3458 sufficit
1332 3393 1438 3478 ipsum
1461 3393 1562 3473 velle,
1597 3393 1624 3458 si
1648 3392 1755 3459 deficit
1776 3411 1882 3477 posse.

255 3498 383 3583 Quippe
412 3497 467 3562 ubi
498 3497 615 3562 devota
644 3502 693 3562 est
715 3496 854 3578 karitas,
886 3496 1036 3561 voluntas
1057 3496 1159 3561 maior
1180 3503 1230 3561 est
1258 3517 1354 3579 quam
1377 3496 1534 3577 facultas,
1568 3517 1643 3560 nam
1666 3497 1794 3581 placere
1816 3496 1886 3561 vult

253 3601 379 3684 integre
401 3600 457 3683 qni
478 3620 580 3665 causa
602 3599 828 3666 oboedientiae
852 3599 948 3664 etiam
973 3619 1049 3665 snas
1071 3599 1155 3664 vires
1177 3598 1386 3665 transcendit.
1434 3599 1527 3666 Vnde
1549 3598 1627 3682 quia
1648 3599 1734 3664 ultra
1756 3619 1792 3664 se
1815 3606 1886 3665 ten-

255 3703 303 3768 dit
332 3709 365 3768 et
394 3703 468 3787 plus
489 3724 587 3787 qnam
611 3703 701 3769 valet
723 3703 860 3788 appetit,
895 3722 985 3768 amor
1005 3723 1189 3769 mensuram
1211 3723 1274 3768 non
1296 3701 1405 3768 habet.
1457 3704 1498 3785 (6)
1524 3702 1637 3785 Itaque
1660 3701 1831 3767 dilectione
1853 3707 1886 3768 et

205 3830 235 3872 aa
255 3806 289 3870 in
318 3806 371 3871 bis
400 3826 482 3890 quae
505 3826 604 3890 supra
625 3827 677 3872 me
701 3812 775 3871 sunt
798 3806 974 3872 debitorem
998 3806 1147 3892 profiteor
1168 3814 1265 3890 atque
1287 3793 1442 3890 quantum
1464 3808 1598 3871 valuero
1621 3805 1751 3871 affectui
1773 3804 1886 3872 fenora

255 3910 380 3976 solvere
403 3910 597 3994 procurabo:
624 3909 682 3976 sed
704 3916 812 3976 tamen
837 3915 869 3976 et
892 3911 1015 3977 solvere
1038 3911 1111 3996 plus
1134 3909 1247 3993 debeo,
1273 3910 1423 3993 quoniam
1445 3908 1577 3974 karitati
1595 3929 1769 3993 numquam
1782 3915 1885 3975 totum

254 4010 400 4078 redditur
422 4013 508 4096 quod
531 4012 676 4079 debetur.

349 4118 387 4200 (7)
416 4116 649 4200 Religiosomm
680 4124 774 4200 gesta
803 4116 1037 4203 praedicabilia
1067 4118 1291 4184 subcrescente
1313 4123 1464 4203 provectu
1487 4115 1613 4183 virtutis
1635 4115 1748 4183 adulta
1768 4135 1808 4182 ao
1828 4136 1886 4183 va-
1907 4116 1941 4181 Π

253 4219 406 4286 nerandis
439 4221 590 4305 operibus
625 4221 658 4285 in
688 4221 850 4286 cumulum
881 4229 1025 4288 sacratae
1055 4221 1288 4288 benedictionis
1318 4221 1450 4304 educta,
1485 4220 1711 4287 miraculorum
1739 4219 1884 4286 fidelium

205 4349 235 4391 ao
254 4323 319 4389 iam
352 4324 532 4390 transmissi
566 4325 718 4409 temporis
750 4325 932 4391 testimonio
962 4326 1127 4392 declarata
1155 4345 1194 4391 ac
1222 4323 1390 4390 vivacibus
1419 4323 1541 4390 meritis
1569 4343 1696 4409 semper
1725 4323 1886 4390 adsistunt

254 4428 375 4511 oculis,
411 4429 473 4494 etsi
502 4448 566 4494 non
593 4427 702 4493 adfixa
730 4434 900 4494 teneantur
927 4429 962 4493 in
991 4429 1137 4513 paginis,
1172 4427 1321 4511 quoniam
1345 4427 1546 4494 extrinsecus
1567 4427 1696 4494 advena
1716 4433 1800 4494 teste
1821 4447 1885 4493 non
1942 4427 1946 4430 ’

343 4741 354 4790 1
376 4742 467 4791 nsum.
488 4741 530 4802 se,
555 4741 593 4791 ro.

337 5035 352 5082 l
371 5030 518 5099 impcrlum]
538 5034 614 5094 gloria
632 5034 722 5082 Suriae
851 5035 866 5082 5
884 5030 969 5101 amen]
987 5047 1111 5083 nxrnrcrr
1129 5047 1192 5082 vrrs
1211 5035 1251 5082 abr
1270 5047 1372 5083 auarus.
1392 5047 1531 5082 rumervrrr
1548 5047 1684 5084 uraacvna
1702 5049 1766 5084 noar
1783 5048 1881 5083 onrrvnr

252 5134 312 5168 rrrvs
331 5135 453 5169 raumara
471 5120 530 5168 cdd.
548 5121 569 5166 Ε

339 5208 354 5257 6
373 5221 475 5256 rnorem
498 5219 633 5255 enonoovs
658 5221 744 5255 nonar
767 5220 918 5256 ronrvrrarr
942 5208 986 5254 nir
1005 5222 1033 5256 ra
1053 5221 1116 5256 vura
1134 5210 1174 5257 scr
1191 5221 1309 5257 ramnnr
1327 5208 1370 5257 nir
1389 5222 1421 5256 ar
1439 5209 1550 5256 conans-s
1571 5207 1601 5271 P,
1624 5209 1755 5270 pmloqum
1772 5223 1822 5257 orn.
1840 5208 1884 5256 Vr

251 5311 309 5345 cum
329 5294 413 5358 Surio,
432 5295 565 5356 prologum
583 5299 606 5342 el
624 5309 645 5345 c.
669 5297 681 5341 l
701 5308 748 5343 om.
772 5293 839 5343 Mat.
861 5299 884 5355 1,
905 5296 962 5345 ΛΑ.
984 5295 1030 5344 SS.
1051 5310 1113 5346 auec.
1136 5296 1161 5358 1,
1178 5311 1204 5357 p.
1227 5296 1286 5358 152,
1307 5295 1349 5344 aed
1367 5299 1394 5344 in
1412 5296 1491 5344 ultera
1509 5295 1613 5343 editione
1631 5309 1694 5343 suec.
1715 5295 1753 5357 11,
1770 5310 1797 5357 p.
1814 5295 1881 5343 1100

250 5386 347 5429 astant
368 5380 446 5443 (Mod.
467 5381 492 5443 2)
634 5381 717 5430 9lam
737 5381 759 5429 P
898 5379 929 5430 19
948 5383 975 5430 in
994 5396 1020 5430 rs
1038 5382 1097 5431 llcet
1113 5378 1174 5448 leta]
1192 5382 1221 5443 P,
1244 5383 1305 5431 llcet
1320 5384 1402 5444 impar
1420 5384 1451 5443 Χ,
1471 5384 1498 5430 ln
1517 5396 1544 5430 re
1562 5382 1622 5430 licet
1639 5382 1674 5428 lta
1691 5384 1756 5430 conl.
1777 5380 1843 5430 Mula.
1864 5382 1881 5429 9

250 5467 283 5518 20
301 5465 406 5535 adituri]
424 5467 456 5526 X,
477 5466 568 5515 dlcturl
588 5466 617 5529 Ρ,
638 5466 732 5515 dictani
750 5469 815 5515 coni.
837 5466 905 5517 Mau.
926 5468 942 5514 9
1081 5482 1156 5531 quam
1174 5464 1246 5535 anta]
1265 5467 1294 5529 Ρ,
1315 5482 1391 5530 qnam
1409 5469 1524 5517 materiei
1542 5469 1568 5516 Χ
1711 5467 1743 5517 27
1762 5462 1880 5533 debetur]

250 5567 372 5601 nxrnrcrr
388 5566 532 5603 rnoaosvs.
553 5567 655 5602 rncrrrr
672 5567 734 5601 vrrs
753 5555 793 5602 scr
810 5566 928 5602 ramur
945 5554 990 5601 nir
1002 5567 1035 5602 ar
1047 5567 1227 5604 conrassoars.
1248 5556 1284 5605 ᾱῖ)
1296 5552 1322 5603 ἰ.
1342 5553 1423 5603 vmr‘r
1440 5568 1547 5603 amona.
1569 5553 1628 5604 add.
1644 5553 1668 5600 P
1769 5552 1802 5602 28
1820 5553 1880 5600 rell·

250 5638 386 5708 giosorum]
404 5647 505 5689 actuum
518 5640 576 5689 odd.
593 5639 660 5689 Mac.
678 5641 702 5701 9,
722 5640 852 5688 bominum
865 5639 924 5690 add.
940 5641 1018 5701 Bou,
1039 5641 1170 5703 religiosae
1183 5643 1293 5691 scalenus
1305 5643 1397 5692 Sarius
1501 5640 1534 5691 30
1552 5637 1592 5707 ac]
1605 5657 1620 5689 a
1633 5639 1731 5689 libb?
1835 5638 1880 5687 ad·

249 5724 354 5794 sistunt]
373 5729 433 5776 fidei
451 5726 511 5776 odd.
534 5727 598 5777 Mat.
620 5729 637 5775 ὲ)
1871 5751 1874 5757 ,

325 5829 456 5870 Vnssarrvs
470 5827 630 5869 Fcnrvuarvs.
1656 5829 1672 5878 5
