4374 6186
264 395 305 455 70
565 388 762 446 OPVSCVLA
781 389 975 445 VENAN'IlO
993 389 1223 447 FORTVNA'IO
1243 386 1345 445 MALE
1365 390 1589 446 A'I'TRIBVTA

263 600 413 655 seucum,
448 580 521 644 forti
545 580 665 645 scelere
689 579 882 644 tinnibnlum
906 579 987 645 eollo
1011 581 1203 664 praeripuit,
1230 588 1327 664 atque
1349 581 1483 664 hyatum
1506 581 1609 665 ipsius
1632 582 1794 667 inpraessi
1822 602 1915 665 gra-

263 683 358 748 minis
381 682 496 748 fraude
523 682 749 761 condemnans,
777 682 898 747 nullius
922 683 1190 766 contemplatione
1213 683 1453 768 depraehensus
1475 684 1651 767 abscessit,
1677 692 1810 751 etcum
1837 685 1913 750 iam

263 806 297 851 sc
327 786 452 851 censuit
481 787 533 851 vel
564 786 707 852 oriminis
737 786 882 851 evasisse
906 786 1083 869 periculum
1107 787 1159 851 vel
1182 787 1327 851 sortitum
1351 786 1532 871 conpendia
1555 786 1655 853 fuisse
1677 808 1735 872 per
1759 788 1908 870 furtum,

262 890 428 954 obstaculo
457 889 547 954 nullo
577 894 684 954 serata
711 890 784 973 ipsa
812 888 902 954 dedit
924 889 1047 973 praeda
1068 889 1233 967 tinnitum,
1267 888 1400 974 cupiens
1422 888 1543 954 domini
1564 889 1692 956 reddire
1714 890 1906 974 praesidio.

268 995 327 1073 {1¹8}
357 993 447 1070 Quae
471 992 648 1075 quamlibet
669 992 789 1057 abditis
812 991 1025 1075 penitralibns
1048 992 1154 1057 studio
1178 992 1327 1074 diligenti
1350 993 1455 1058 locata
1476 993 1529 1058 vel
1545 992 1665 1058 ferrata
1680 993 1911 1058 claustrorum
1935 1016 1951 1055 s

262 1096 462 1161 obseratione
493 1102 618 1160 retrusa
640 1102 800 1174 maneret,
834 1094 983 1160 tinnienti
1006 1095 1127 1160 ambitn
1151 1095 1257 1160 scelus
1276 1095 1368 1160 'nullo
1390 1096 1564 1162 motelante
1587 1097 1757 1179 vulgabat,
1793 1096 1910 1179 hyatu

261 1198 386 1282 ingenti
414 1217 563 1281 vomens,
596 1205 759 1264 auctorem
789 1198 931 1262 criminis
958 1198 1117 1280 qnaerilla
1138 1198 1323 1281 geminante
1347 1198 1558 1265 confundens.
1610 1202 1669 1281 (19)
1697 1200 1790 1263 Tunc
1816 1199 1910 1263 latro

262 1302 444 1387 praeteritis
466 1320 647 1366 memorans
670 1299 804 1366 confusa
827 1308 933 1365 mente
955 1300 1116 1385 periculis,
1144 1301 1269 1366 revexit
1290 1300 1417 1366 domino
1441 1301 1569 1367 territus
1591 1300 1677 1383 quod
1699 1301 1905 1381 abstulerat,
1962 1309 1966 1315 ’

262 1405 348 1487 quod
381 1405 479 1469 etiam
513 1404 643 1489 pietatis
674 1403 779 1468 studio
808 1424 872 1469 non
902 1404 1040 1469 errabat.
1093 1404 1143 1467 Ita
1173 1403 1322 1469 claemnm
1352 1403 1477 1469 reddito
1503 1403 1595 1468 inrae
1623 1410 1757 1468 naturae
1787 1403 1911 1487 coepit

263 1508 388 1592 species
419 1507 597 1572 inanimata
628 1507 730 1572 solere
753 1527 812 1571 nec
835 1513 948 1572 sonetn
972 1526 1007 1571 se
1030 1506 1094 1571 nisi
1116 1507 1211 1590 pulsa
1233 1506 1396 1589 detegere.
1450 1510 1510 1590 {le
1539 1508 1676 1572 Sanctus
1698 1507 1800 1589 igitur
1826 1507 1910 1572 ath·
1935 1529 1970 1569 ro

262 1612 328 1677 leta
358 1611 477 1677 Christi
510 1617 599 1675 reato
633 1611 759 1694 proprio
788 1630 845 1693 pro
875 1608 1001 1675 delectu
1030 1608 1240 1675 confundetur
1268 1609 1375 1675 alieno
1403 1616 1501 1690 atque
1529 1609 1603 1675 ideo
1634 1608 1811 1675 mercidem
1847 1629 1910 1674 reo

262 1735 318 1799 pro
342 1714 436 1798 culpa
458 1712 579 1792 tribuit,
606 1734 646 1779 ne
669 1713 758 1778 inani
781 1713 954 1778 ambitione
977 1713 1096 1778 tristior
1118 1720 1286 1778 remearet.

180 1823 240 1887 VII
354 1819 415 1899 (21)
447 1816 593 1895 Quadam
625 1817 695 1882 vice
724 1816 910 1900 praecelsus
934 1815 1201 1881 Chlothaeharius
1225 1835 1281 1880 rex
1303 1816 1336 1879 in
1360 1814 1519 1898 procincto
1542 1815 1735 1879 Francorum
1759 1834 1910 1879 movens

262 1920 447 1997 exercitum,
474 1940 545 1985 curn
568 1920 737 1985 transisset
758 1918 904 1998 flrri‘inm,
933 1925 981 1983 est
1004 1918 1138 1983 Semina
1161 1919 1252 1982 cuius
1275 1919 1481 1998 vocabulum,
1509 1919 1616 1982 omnia
1639 1937 1722 1999 qnae
1746 1917 1910 1983 invenie-

262 2025 341 2089 bant
362 2024 430 2089 loca
453 2024 648 2107 praedantes
671 2031 704 2088 et
727 2042 853 2106 pecora.
884 2021 1108 2105 pervenientes
1130 2021 1214 2086 inter
1236 2021 1405 2087 castellum
1427 2021 1513 2103 quod
1536 2021 1635 2086 fertur
1657 2020 1909 2104 Noviomagum
1935 2046 1970 2087 cs

261 2134 295 2193 et
317 2127 408 2191 lsara
437 2124 585 2206 fluvium,
619 2125 773 2208 quicquid
803 2124 864 2189 fuit
890 2125 1108 2190 velriculornm
1139 2144 1230 2189 carra
1258 2126 1309 2190 vel
1340 2143 1469 2189 saumas
1491 2125 1685 2190 trahentium
1707 2124 1813 2207 pedes
1839 2125 1910 2190 ad-

262 2229 398 2313 figentes
428 2228 468 2295 de
498 2229 568 2294 loco
597 2229 782 2294 nullatenus
811 2235 978 2293 moverunt
1005 2248 1063 2312 per
1093 2227 1244 2292 triduum.
1297 2230 1358 2310 (22)
1393 2227 1444 2292 Ad
1475 2226 1585 2291 villam
1616 2227 1719 2291 saneti
1746 2226 1912 2293 Medardi

262 2331 470 2398 Silentiacnm
493 2332 546 2414 qni
571 2331 696 2397 dicetur
719 2337 887 2396 occurrunt
909 2331 977 2395 siro
1001 2331 1202 2397 sanctissimo
1226 2338 1258 2395 et
1280 2331 1356 2396 data
1378 2328 1522 2395 oratione
1546 2330 1787 2394 discarecantes
1812 2349 1910 2413 quae

261 2437 401 2501 tulerant
424 2434 525 2501 laxati
548 2440 685 2518 pergunt
707 2433 833 2498 itinera.

165 2534 241 2612 Vlll
352 2541 414 2621 {233
448 2539 519 2603 Nec
540 2536 623 2602 illnd
646 2537 857 2634 omittendum
880 2544 929 2601 cst
952 2536 1036 2618 quod
1059 2536 1247 2600 miraculum
1272 2535 1391 2601 factum
1414 2542 1474 2600 est.
1522 2534 1604 2600 Cum
1627 2534 1764 2618 porcarii
1787 2536 1846 2601 sui
1870 2537 1911 2601 in
1936 2561 1973 2603 ao

261 2642 381 2725 glande
415 2661 531 2727 porcus
564 2640 760 2706 deducerent
794 2648 827 2705 et
859 2640 900 2704 ab
934 2638 1053 2721 iniquis
1087 2639 1268 2704 hominibus
1300 2639 1385 2704 furt-o
1414 2637 1562 2704 subducti
1592 2637 1744 2719 fuissent,
1783 2637 1914 2705 divina

744 2938 925 2998 absconditque
943 2939 1010 2995 sinu,
1031 2940 1088 2985 leno
1107 2936 1246 2999 praecludit
1265 2937 1362 2984 hiatnrn

815 3030 841 3070 et
859 3025 1001 3084 temetipse
1020 3037 1105 3081 mann,
1126 3036 1158 3070 ne
1176 3023 1322 3070 manifestet
1341 3034 1412 3082 opus.

745 3116 770 3155 te
789 3109 921 3169 ueniente,
941 3122 1017 3167 sacer,
1038 3122 1126 3155 causas
1144 3109 1263 3168 patefecit
1282 3114 1381 3169 opertas

818 3195 914 3242 tinnitu
933 3195 1059 3257 incipiens
1078 3196 1127 3241 ianr
1146 3195 1218 3255 quasi
1237 3194 1303 3241 furta
1321 3195 1399 3254 loqui.

747 3282 782 3327 nil
802 3281 868 3329 valet
886 3280 1013 3342 abscondi,
1034 3280 1070 3327 nil
1089 3280 1171 3327 claudi
1189 3279 1257 3327 nilre
1278 3281 1372 3327 teneri:

817 3368 923 3415 facundo
941 3367 1050 3428 strepltu
1069 3365 1178 3426 prodidit
1196 3379 1267 3414 omne
1287 3365 1390 3412 malurn.

746 3453 869 3514 pandebat
887 3455 1011 3514 propriam
1031 3453 1112 3500 veluti
1132 3452 1178 3499 sub
1196 3451 1279 3498 iudice
1299 3465 1409 3511 eausam,

815 3541 854 3587 nil
872 3539 903 3586 de
920 3541 975 3586 turs
994 3539 1086 3586 timens
1104 3537 1221 3586 liberiore
1240 3551 1310 3586 sono.

748 3626 842 3672 indicat
859 3632 960 3673 accusat
979 3626 1105 3672 convincit
1122 3624 1223 3671 damnat
1240 3624 1355 3671 acerbat:

817 3718 843 3759 te
860 3717 992 3771 praesente
1011 3719 1096 3759 tamen
1115 3723 1164 3758 non
1183 3710 1242 3759 licet
1260 3722 1315 3759 esse
1335 3723 1420 3765 renm;

746 3797 854 3844 absolvis
872 3797 954 3844 iurem
975 3797 1062 3845 solitae
1080 3797 1183 3856 pletatis
1202 3809 1292 3855 amore,

816 3882 910 3929 addens
928 3887 954 3929 et
973 3882 1091 3943 monitus,
1113 3890 1203 3930 cautus
1221 3887 1250 3928 ut
1268 3883 1346 3928 intret
1365 3881 1421 3939 itan

748 3969 906 4031 praecipiens
925 3969 1054 4031 querulam
1074 3982 1158 4015 seeum
1177 3972 1272 4028 portare
1291 3967 1415 4028 rapinam,

818 4068 851 4101 ne
869 4069 944 4102 vaona
962 4055 1043 4102 tristia
1062 4068 1106 4117 spe
1125 4057 1245 4101 remearet
1262 4054 1344 4114 inops.

353 4315 362 4364 l
384 4314 486 4372 suruO
643 4309 813 4378 tinnibnlnm]
832 4311 914 4373 M101,
944 4312 1148 4360 tintinnabulum
1169 4307 1277 4368 M202P,
1307 4310 1341 4369 cs.
1367 4311 1392 4358 l'.
1415 4308 1526 4356 Marcelli
1543 4325 1563 4357 e.
1584 4312 1601 4357 8
1620 4324 1695 4370 cupra
1710 4322 1737 4368 p.
1759 4307 1804 4369 59,
1825 4309 1843 4356 l.
1869 4316 1908 4360 16

264 4404 398 4452 3cansult
416 4397 469 4466 uel]
488 4400 528 4448 uel
547 4398 648 4456 erano
754 4400 862 4448 sorcium
884 4397 916 4455 0¹
1033 4397 1193 4445 lobstaculo
1211 4398 1281 4446 nullo
1299 4402 1379 4445 serata
1401 4396 1508 4456 (seruata
1527 4391 1576 4461 lili]
1593 4393 1679 4451 om.0
1782 4390 1853 4460 ipsa]
1875 4411 1909 4445 so

264 4488 323 4536 edd.
342 4485 374 4545 0¹2
490 4487 593 4547 praedat
610 4482 705 4551 inlnitn
725 4485 761 4532 lll¹
879 4486 985 4545 cupiens
1006 4485 1118 4545 {capiens
1138 4482 1186 4545 M1)
1206 4511 1241 4518 —
1259 4479 1393 4548 praesidio]
1412 4482 1550 4544 quamlibet
1568 4481 1684 4529 damnata
1702 4480 1794 4527 luisset
1812 4481 1908 4530 obsta-

264 4577 321 4623 cnlo
340 4576 432 4622 crimen
450 4573 544 4620 indicat
563 4572 650 4620 diuino
668 4573 803 4620 metelanta
820 4566 962 4630 (mutilante
978 4567 1019 4630 0²}
1035 4571 1153 4629 mysterio
1171 4583 1220 4617 non
1239 4570 1348 4617 humano
1366 4567 1386 4626 (l
1489 4567 1612 4630 praesidio
1630 4592 1665 4602 -
1684 4565 1699 4613 5
1717 4565 1907 4636 penitrallbus]

264 4676 312 4709 om.
329 4659 358 4706 Μ
469 4658 484 4705 5
503 4659 596 4706 abditis
614 4655 793 4725 penitralibus]
811 4658 954 4705 abscondita
972 4657 1159 4717 paenetralibus
1178 4658 1251 4703 tectis
1270 4662 1296 4703 et
1315 4656 1336 4714 Q
1441 4655 1521 4701 terrea
1541 4652 1562 4711 0
1675 4651 1691 4699 6
1710 4651 1822 4699 muniret
1842 4651 1867 4710 O

224 4780 247 4790 --
264 4741 398 4811 tinnienti]
417 4748 572 4793 incessanter
589 4745 647 4794 add.
665 4744 686 4802 0
791 4744 861 4792 nullo
879 4738 1026 4808 motelente]
1041 4742 1075 4803 M,
1096 4741 1196 4790 fraudas
1218 4742 1322 4799 (fraudis
1337 4737 1378 4801 02]
1400 4754 1426 4788 se
1444 4739 1564 4802 prodente
1579 4736 1607 4800 O,
1629 4739 1698 4785 nullo
1716 4731 1867 4785 moddlante
1884 4740 1910 4786 P

225 4826 248 4873 0
266 4833 279 4880 i
299 4832 391 4880 incesti
410 4830 457 4890 M1,
478 4832 577 4891 ingesta
595 4838 713 4879 eu'omens
735 4831 756 4888 Q
861 4830 974 4880 contudit
993 4829 1015 4876 P
1120 4826 1135 4877 8
1153 4828 1296 4890 praeteritis
1314 4853 1349 4862 -
1367 4827 1484 4889 periculis
1505 4825 1614 4888 [periclis
1628 4820 1682 4891 Pb]
1701 4837 1767 4872 noua
1784 4829 1907 4882 mysterii

265 4919 412 4968 confusione
431 4918 545 4966 detectus
565 4919 662 4979 etipse
681 4925 816 4966 accusante
834 4919 903 4964 furtu
922 4918 1040 4976 uulgatus
1061 4914 1081 4972 Q
1185 4915 1279 4961 reuixit
1300 4914 1322 4961 P
1442 4910 1541 4973 iiquod
1559 4937 1594 4946 -
1612 4906 1720 4974 errabat]
1739 4909 1799 4955 dum
1818 4908 1906 4961 latare

264 5018 315 5053 non
333 5010 431 5066 poterat
448 5003 515 5064 qnod
535 5002 685 5061 caalabatO
802 4999 891 5069 etiam]
911 5004 1010 5051 ueniam
1030 5001 1057 5048 ll
1168 4995 1275 5066 errabat]
1295 4999 1342 5061 M1,
1364 5000 1448 5048 orabat
1467 4997 1493 5045 Μ
1500 4992 1520 5061 ²,
1541 4995 1700 5045 seruabatP
1802 4997 1906 5067 coepit]

265 5093 364 5153 captiua
384 5090 404 5150 0
544 5089 575 5138 ld
594 5092 730 5138 inanimata
747 5117 782 5126 -
802 5085 930 5155 detegere]
949 5089 1048 5136 domino
1067 5093 1185 5149 presente
1205 5086 1332 5148 (prasente
1352 5082 1391 5146 0²]
1414 5086 1544 5144 conticuit,
1564 5098 1613 5146 que
1632 5083 1713 5131 ablata
1731 5081 1839 5129 fideliter
1858 5098 1905 5133 re-

264 5179 382 5227 clamauit
403 5176 423 5236 O
546 5172 638 5242 selere]
655 5179 751 5236 scripsi,
773 5176 865 5224 scelere
885 5174 918 5236 lt
940 5176 1019 5237 celare
1040 5174 1062 5220 P
1185 5172 1210 5220 11
1233 5170 1331 5239 christi]
1349 5173 1444 5233 absque
1462 5171 1519 5220 odd.
1536 5170 1557 5217 P
1688 5168 1717 5217 12
1736 5168 1809 5215 tribit
1829 5166 1865 5225 0¹

264 5265 360 5323 inania,
382 5279 432 5312 ras.
454 5279 478 5311 m
498 5261 527 5309 M
640 5259 791 5329 ambitione]
810 5262 930 5323 deceptus
948 5258 1044 5318 eddo
1107 5294 1109 5298 -
1160 5256 1293 5325 remearet]
1311 5258 1518 5307 desinitBosctaa
1641 5254 1672 5304 13
1691 5269 1713 5304 c.
1729 5254 1777 5303 Vll
1795 5259 1818 5301 et
1835 5254 1903 5306 VIII

264 5348 351 5407 enat]
490 5349 611 5398 lotharius
631 5346 682 5411 Ml,
713 5349 865 5399 chlotharius
883 5347 906 5394 Ρ
1046 5345 1077 5395 ll
1095 5347 1168 5394 cuins
1186 5346 1335 5394 uocabulum
1355 5350 1395 5392 est
1412 5342 1542 5392 sumnal'
1683 5341 1714 5391 16
1732 5342 1822 5389 isaram
1842 5339 1868 5387 P

265 5432 452 5502 uehiculorum]
470 5435 504 5495 cs.
524 5436 552 5485 V.
567 5435 593 5484 S.
611 5437 729 5484 Germani
746 5438 819 5494 565,
843 5435 869 5482 l'.
886 5433 913 5482 S.
927 5433 1012 5482 Albini
1030 5434 1093 5490 §40
1208 5428 1318 5498 saumas]
1339 5430 1374 5492 M,
1395 5435 1505 5490 sagmata
1524 5428 1553 5490 P,
1573 5428 1608 5489 cf.
1628 5442 1706 5489 supra
1723 5442 1750 5488 p.
1767 5427 1808 5487 19,
1830 5428 1849 5475 1.
1865 5430 1903 5477 29

174 5527 178 5537 ’
268 5520 297 5570 ii
317 5524 432 5571 triduum
451 5522 480 5570 ad
498 5523 594 5573 uillam.
624 5524 705 5570 sancti
724 5522 751 5569 M
874 5518 905 5568 18
923 5534 988 5582 quae
1006 5520 1099 5567 dicitur
1116 5517 1331 5567 sellentiacumP
1451 5517 1608 5563 sanctissimo
1626 5513 1722 5563 niroP
1842 5514 1901 5564 dis-

265 5607 418 5677 carecsntes]
437 5610 498 5670 pall.
513 5608 653 5670 declamet,
668 5609 702 5670 cf.
719 5608 761 5657 Du
776 5607 858 5666 Crrape
872 5606 911 5667 11,
922 5621 948 5667 p.
963 5607 1015 5655 arb
1120 5603 1153 5654 20
1171 5600 1344 5671 i'111]0m.P
1448 5598 1525 5668 qnod]
1542 5600 1697 5665 parade?
1801 5600 1863 5648 dum
1879 5601 1904 5648 P

265 5695 295 5744 21
317 5695 432 5755 glandem
451 5694 473 5741 P
