4374 6186
915 428 1010 486 VITA
1028 430 1166 487 SANCTI
1183 429 1357 486 Abldlll'll.
1911 433 1947 496 61

322 623 396 706 plus
423 621 504 687 lucri
533 629 663 706 caperet
683 626 890 704 augmentum
914 640 1012 702 quam
1034 620 1138 686 victus
1160 620 1337 687 necessitas
1360 620 1556 705 postulabat.
1608 623 1670 704 161)
1697 621 1792 686 Venit
1815 640 1891 703 ergo
1913 619 1955 684 ad

321 726 405 791 hanc
433 725 482 790 vir
510 725 641 808 quidam
672 723 770 790 atroci
793 723 914 789 8881818
938 723 1012 788 81118
1035 724 1131 807 longe
1154 724 1334 790 criminosis
1356 724 1525 789 immanior
1546 724 1655 807 aitque
1679 743 1714 788 se
1737 724 1822 789 velle
1845 723 1955 788 vinum

322 828 468 893 mercari.
515 828 577 892 Illa
608 847 682 892 1818
706 847 779 892 888
801 827 885 891 18118
908 826 1058 891 88118188
1081 827 1204 911 recepit
1226 834 1261 892 ut
1283 835 1477 912 emptorem,
1513 833 1545 892 et
1567 834 1602 892 ut
1624 845 1665 891 ne
1687 825 1809 892 diutius
1832 833 1956 892 teneret

322 951 396 997 eum
426 930 563 996 forsitan
591 937 833 1015 properantem,
867 928 1040 994 celeritatis
1070 931 1177 996 studio
1206 930 1326 997 seniles
1356 929 1496 1013 castigat
1525 949 1641 996 moras.
1700 933 1761 1014 (63)
1789 930 1850 995 1118
1879 949 1954 995 1818

290 1035 591 1119 881188881881818
621 1033 725 1119 8881111
755 1033 861 1099 88818
890 1033 1047 1116 vagisque
1077 1033 1251 1099 luminibus
1282 1034 1434 1100 universa
1455 1052 1656 1118 percurrere,
1691 1035 1824 1117 siquae
1847 1040 1956 1124 essent

322 1157 405 1221 quae
434 1136 552 1202 viduae
581 1136 678 1201 simul
709 1142 741 1202 81
769 1136 905 1221 pauperi
934 1135 1175 1202 crudelissimus
1204 1137 1324 1222 1118818
1347 1144 1458 1222 posset
1480 1137 1618 1203 auferre.
1667 1138 1753 1202 Dum
1776 1156 1852 1220 ergo
1875 1137 1956 1202 haec

322 1239 470 1306 muliebri
501 1238 633 1305 levitate
663 1240 826 1319 turbatur,
861 1259 934 1304 mox
962 1240 1019 1304 ille
1050 1241 1215 1324 capsulam
1242 1261 1314 1306 cum
1338 1241 1458 1324 exigua
1480 1241 1618 1326 pecunia
1642 1240 1810 1327 conspicit,
1844 1240 1957 1324 diripit

322 1342 518 1426 abstulitque
551 1348 583 1408 81
611 1343 686 1408 1188
716 1349 855 1408 8818818
885 1341 1013 1425 aufugit
1041 1342 1191 1426 venitque
1222 1351 1295 1427 post
1324 1344 1463 1409 triduum
1495 1343 1587 1426 quasi
1616 1342 1832 1408 innocentiam
1863 1363 1955 1409 suam

322 1445 583 1530 praesentialiter
610 1451 855 1510 monstraturus.
907 1447 968 1528 tol}
997 1445 1059 1509 llla
1088 1445 1162 1510 ilico
1192 1445 1309 1511 nefarii
1336 1445 1415 1511 iuris
1439 1447 1618 1511 certissima
1642 1445 1748 1531 coepit
1771 1447 1899 1512 evolare
1921 1447 1955 1511 in

275 1548 441 1614 18188188
464 1547 533 1614 eius
556 1549 711 1634 opemque
735 1547 928 1613 clamoribus
952 1567 1123 1628 quaerere:
1151 1549 1341 1615 criminosus
1365 1556 1398 1614 81
1418 1549 1489 1634 ipse
1508 1549 1816 1616 8888818811888888
1834 1550 1955 1617 scelere

322 1651 452 1718 territus
474 1670 568 1716 cursu
591 1650 696 1715 subito
719 1650 783 1716 8118
807 1670 842 1716 88
864 1649 997 1735 proripit
1020 1672 1200 1734 equumque
1224 1651 1421 1718 conscendit.
1475 1653 1535 1733 (65)
1564 1654 1654 1718 Anus
1676 1653 1783 1737 prodit
1799 1673 1823 1733 ‚e
1837 1654 1956 1719 cellula

324 1755 456 1840 cupiens
486 1755 610 1839 praeire
638 1755 832 1820 clamoribus
854 1773 949 1836 quem
972 1755 1064 1820 tardo
1087 1756 1178 1836 sequi
1201 1776 1315 1839 gressu
1338 1776 1401 1821 non
1423 1762 1558 1840 poterat.
1607 1755 1658 1820 Ad
1681 1763 1824 1822 sanctam
1848 1763 1956 1821 tamen

322 1856 490 1922 basilicam
514 1857 642 1940 erigens
665 1857 775 1921 oculos
798 1857 857 1922 hoc
880 1856 970 1922 fideli
992 1857 1161 1923 devotione
1186 1865 1218 1923 81
1240 1859 1381 1923 881188
1403 1878 1482 1924 1888
1506 1859 1738 1942 proclamabat:
1781 1859 1829 1923 Ne
1853 1858 1951 1940 81888,

324 1979 447 2025 88888
477 1959 626 2025 88881188
657 1959 870 2043 defensorque
892 1960 1082 2041 fortissime,
1117 1961 1207 2027 abire
1229 1962 1425 2045 praedonem
1449 1981 1571 2040 meum,
1606 1982 1647 2026 ne
1670 1960 1802 2027 deseras
1824 1962 1956 2028 viduam

275 2084 305 2125 rs
325 2071 358 2129 81
388 2082 579 2147 pauperem,
613 2062 795 2128 divitiarum
826 2084 969 2128 meamm
992 2063 1143 2129 solatium
1166 2064 1322 2130 81111188
1345 2084 1429 2129 mea.
1481 2068 1543 2148 (66)
1571 2065 1714 2148 Cumque
1737 2066 1797 2131 hoc
1820 2066 1957 2150 supplex

325 2166 543 2251 depromeret,
577 2166 666 2231 miris
695 2173 828 2249 repente
858 2166 961 2232 modis
991 2167 1147 2252 conspicit
1174 2166 1209 2231 in
1238 2167 1346 2233 medio
1376 2167 1456 2232 atrio
1485 2168 1520 2232 in
1550 2188 1668 2233 morem
1692 2168 1794 2234 cautis
1817 2167 1957 2251 riguisse

325 2269 539 2355 cornipedem.
587 2269 758 2334 Acciderat
787 2269 890 2350 enim,
923 2276 958 2334 81
988 2289 1028 2334 88
1057 2269 1110 2335 118
1139 2287 1251 2335 888188
1283 2269 1495 2354 depositionis
1518 2271 1588 2336 eius
1611 2270 1850 2336 celebrarentur
1873 2270 1958 2336 festa

324 2392 430 2438 88888
460 2374 537 2438 orbe
560 2373 719 2457 completo
742 2379 775 2437 et
797 2372 1046 2456 egrediebantur
1068 2373 1108 2438 de
1130 2373 1267 2439 basilica
1289 2374 1401 2459 populi
1424 2373 1562 2458 expletis
1585 2393 1626 2438 81
1649 2393 1737 2438 8818
1760 2372 1957 2437 solemnibus

325 2481 517 2560 stupentque
548 2475 694 2540 miraculi
724 2475 865 2540 novitate
896 2475 1045 2560 perculsi.
1105 2477 1166 2559 (67)
1193 2476 1358 2541 Haerebat
1387 2497 1512 2559 quoque
1542 2495 1616 2542 reus
1649 2482 1782 2562 stupens
1812 2495 1953 2560 corpore,

275 2598 305 2640 18
326 2579 434 2644 stabat
455 2599 536 2644 anus
558 2578 671 2644 innixa
693 2579 820 2644 baculo.
862 2578 981 2643 Fundit
1004 2578 1134 2644 tandem
1157 2579 1346 2643 criminosus
1370 2580 1486 2644 uberes
1508 2579 1614 2659 fletus,
1641 2586 1807 2663 peccatum
1823 2578 1952 2658 1818181,

323 2681 493 2766 pecuniam
524 2681 630 2747 reddit
660 2688 692 2746 81
714 2681 893 2747 absolvitur
915 2681 1108 2765 domumque
1132 2689 1255 2747 remeat
1276 2682 1453 2747 absolutus.
1506 2684 1568 2764 (68)
1596 2682 1692 2748 Plebs
1714 2682 1813 2765 igitur
1835 2688 1956 2747 tantam

323 2785 472 2850 virtutem
503 2783 585 2849 mira
615 2785 812 2850 exultatione
841 2790 874 2849 et
903 2783 1061 2849 ineffabili
1084 2784 1180 2850 laude
1203 2784 1247 2849 ad
1270 2786 1378 2850 caelos
1402 2785 1494 2850 effert
1516 2791 1548 2850 et
1570 2784 1615 2850 ita
1638 2785 1799 2868 gloriosus
1822 2784 1956 2849 antistes

323 2887 383 2952 1811
406 2888 439 2951 18
462 2887 653 2954 1818881888
675 2886 827 2972 pauperis
850 2886 958 2965 fortis,
994 2887 1028 2951 in
1050 2887 1251 2953 absolutione
1274 2887 1437 2954 criminosi
1459 2888 1640 2953 misericors
1663 2888 1873 2972 praebuitque
1895 2888 1957 2952 im-

323 3009 435 3055 mensa
458 2991 624 3070 miracula,
651 2991 703 3056 vel
727 3010 797 3055 cum
820 2989 911 3054 audit
932 2989 1132 3055 innocentem
1156 2990 1208 3054 vel
1232 2990 1386 3056 solvendo
1410 2990 1630 3076 dampnatum.

274 3112 304 3154 18
414 3095 476 3177 (69)
503 3095 575 3159 Non
599 3095 693 3178 longo
717 3113 793 3158 vero
815 3100 887 3177 post
908 3099 1067 3177 tempore,
1096 3093 1173 3158 dum
1195 3094 1266 3177 ipse
1289 3094 1322 3159 in
1345 3093 1499 3179 periculis
1522 3094 1615 3159 adest
1638 3094 1785 3176 famulis,
1812 3093 1956 3176 sequitur
1977 3091 2008 3154 X

324 3198 411 3262 clara
433 3197 534 3262 virtus
557 3217 596 3263 ae
617 3198 770 3262 maxima.
817 3196 948 3278 Iamque
971 3196 1004 3259 in
1029 3196 1260 3279 Septimaniam
1283 3196 1415 3280 quidam
1437 3198 1547 3262 vinum
1569 3198 1706 3263 mercari
1728 3197 1859 3282 cupiens
1882 3217 1958 3281 pro-

323 3300 471 3383 perabat,
506 3301 595 3385 prius
624 3308 734 3365 tamen
763 3298 930 3364 basilicam
960 3298 1092 3381 gloriosi
1121 3299 1363 3383 triumphatoris
1393 3301 1560 3383 ingressus
1591 3302 1747 3366 tumulum
1771 3301 1840 3366 eius
1863 3300 1952 3386 petit,

324 3402 392 3466 solo
420 3398 645 3487 prosternitur,
680 3402 925 3487 prosperitatem
956 3401 1060 3485 poscit
1089 3401 1231 3482 itineris,
1264 3409 1339 3468 vota
1368 3403 1514 3487 spondet.
1567 3405 1627 3484 (70)
1656 3404 1730 3468 Mox
1755 3404 1957 3488 progreditur

324 3505 450 3588 levique
474 3506 583 3572 labore
607 3505 759 3570 diffusum
783 3523 933 3568 emensus
955 3504 1016 3568 iter
1040 3504 1073 3567 in
1089 3503 1321 3587 Septimaniam
1344 3505 1441 3586 venit,
1467 3506 1576 3570 vinum
1592 3515 1761 3587 mercatur,
1788 3506 1831 3571 81
1845 3508 1955 3572 urbem

274 3627 304 3667 uo
323 3615 456 3673 remeat.
504 3608 545 3673 Et
573 3609 637 3673 iam
667 3607 809 3672 medium
832 3606 983 3670 secundis
1006 3605 1154 3689 gaudens
1177 3607 1273 3672 rebus
1295 3608 1357 3674 iter
1379 3609 1629 3692 transgreditur,
1662 3609 1727 3673 iam
1750 3628 1893 3674 summae
1916 3609 1956 3675 de
2066 3689 2069 3694 ,

324 3711 442 3777 1811188
472 3711 561 3794 rupis
586 3711 619 3774 in
650 3710 715 3774 imo
739 3709 836 3774 vallis
857 3729 951 3773 amne
975 3709 1040 3774 leni
1063 3706 1213 3775 fluentem
1236 3710 1374 3775 181888
1399 3710 1553 3795 conspicit
1574 3710 1709 3792 flumen,
1744 3711 1808 3775 iam
1832 3711 1957 3775 vicinus

324 3812 395 3877 urbi
417 3814 525 3878 alacer
547 3833 618 3878 eam
642 3813 799 3891 intuetur,
832 3812 896 3877 iam
920 3812 1002 3877 votis
1026 3811 1137 3878 dulces
1161 3813 1227 3879 nati
1250 3814 1378 3879 blandis
1401 3815 1605 3898 1188188181
1627 3814 1763 3895 8888118,
1790 3814 1854 3878 188
1878 3815 1956 3879 urbe

324 3915 455 3997 fruitur,
490 3916 555 3980 iam
585 3922 751 4001 parentum
783 3916 964 3999 civiumque
995 3916 1114 4001 potitur
1143 3916 1271 3982 affeetu.
1324 3918 1386 4000 (71)
1414 3917 1498 3980 Dum
1528 3937 1605 4000 ergo
1636 3923 1800 4004 spetotus
1822 3916 1856 3980 in
1879 3918 1956 3982 urbe

324 4024 373 4083 est
402 4025 434 4083 et
463 4018 584 4084 excelsi
613 4018 728 4084 montis
758 4019 836 4101 iuga
864 4018 966 4103 carpit
994 4017 1125 4099 itinere,
1159 4026 1291 4103 repente
1320 4020 1420 4084 atroci
1450 4019 1537 4085 luctu
1567 4019 1689 4102 gaudia
1716 4019 1951 4105 perturbantur,

273 4141 304 4182 aa
324 4140 397 4184 nam
428 4121 601 4207 impulsum
631 4142 710 4187 8818
741 4122 923 4188 vehiculum
952 4122 1093 4205 quatitur
1123 4141 1322 4205 excussoque
1346 4122 1495 4187 vehiculo
1518 4142 1575 4186 vas
1598 4123 1698 4189 811881
1720 4123 1956 4189 resultatsono

323 4231 419 4306 81888
449 4224 516 4289 188
543 4232 656 4310 petens
688 4225 784 4290 vallis
814 4225 846 4289 in
876 4224 982 4310 planis
1013 4224 1144 4290 tandem
1174 4225 1354 4290 collabitur.
1407 4227 1469 4310 (72)
1497 4226 1589 4303 Quod
1612 4233 1736 4312 emptor
1757 4226 1956 4312 perspiciens

323 4328 486 4413 abrumpit
514 4330 690 4395 caesariem
720 4348 885 4413 genasque
915 4329 1053 4394 dilaniat
1081 4336 1113 4393 81
1142 4335 1270 4395 vertens
1298 4328 1341 4394 81
1371 4329 1498 4395 888818
1527 4329 1644 4394 oblitos
1675 4329 1816 4394 lacrimis
1845 4330 1956 4395 oculos

323 4431 408 4497 18181
431 4433 477 4497 818
500 4432 630 4516 paucis:
658 4434 715 4509 Te,
742 4453 760 4497 o
783 4432 968 4498 beatissime
991 4431 1145 4516 pontifex,
1173 4432 1254 4498 duce
1279 4439 1423 4498 extrema
1445 4432 1511 4498 adii
1534 4433 1613 4512 loca,
1641 4452 1682 4497 en
1705 4432 1851 4497 desertus
1875 4440 1951 4512 ate,

323 4533 386 4599 iam
416 4533 541 4619 patriae
572 4534 729 4599 adductus
758 4536 791 4600 in
821 4535 957 4616 finibus,
992 4536 1082 4617 gravi
1114 4555 1338 4601 aerumnarum
1363 4537 1446 4602 mole
1469 4554 1659 4621 oppressus,
1694 4535 1810 4618 dignas
1833 4534 1956 4600 meritis

273 4655 304 4696 18
324 4657 447 4721 paenas
470 4636 534 4702 luo.
587 4640 648 4718 (73)
676 4638 764 4703 Haec
786 4646 892 4704 autem
914 4639 1039 4722 ingenti
1063 4639 1150 4704 luctu
1173 4659 1441 4719 commemorans,
1475 4640 1517 4705 ad
1544 4640 1648 4705 locum
1676 4639 1710 4703 in
1731 4658 1795 4721 qno
1818 4658 1876 4703 188
1898 4638 1956 4704 18-

323 4739 445 4806 8118181
474 4740 685 4825 properabat,
719 4759 789 4804 cum
820 4741 969 4807 lacrimas
1000 4742 1123 4808 scilicet
1153 4762 1252 4807 causa
1284 4743 1486 4808 1881188188
1515 4751 1648 4827 augeret
1678 4749 1710 4809 et
1732 4741 1825 4807 dolor
1846 4741 1956 4806 damni

322 4843 503 4926 praesentis
531 4841 670 4908 maiores
699 4863 719 4906 a
747 4844 862 4908 misero
892 4865 1014 4930 paenas
1045 4846 1201 4929 exigeret.
1255 4849 1315 4929 (74)
1345 4846 1425 4911 Cum
1455 4866 1532 4930 ergo
1558 4846 1601 4911 ad
1623 4848 1728 4913 locum
1751 4845 1832 4912 flens
1855 4845 1952 4928 venit,

323 4945 440 5029 aspicit
470 4953 601 5030 repente
634 4945 792 5031 stupendo
822 4946 975 5012 miraculo
1006 4968 1063 5013 188
1096 4949 1256 5031 integrum
1286 4949 1424 5031 vinoque
1454 4949 1584 5034 plenum
1615 4956 1648 5014 et
1669 4957 1836 5034 patronum
1860 4968 1955 5032 quem

324 5048 516 5128 querebatur
544 5051 713 5114 absentem
740 5048 855 5114 virtute
878 5050 965 5114 clara
988 5058 1189 5132 praesentem
1212 5051 1377 5134 intelligit.
1425 5051 1592 5116 Lacrimae
1614 5052 1713 5134 igitur
1735 5057 1899 5116 vertuntur
1922 5051 1955 5115 in

273 5170 305 5209 rs
325 5150 447 5232 gaudia
475 5157 507 5215 81
535 5172 659 5217 888181·
685 5152 717 5215 18
742 5151 897 5217 laetitiam
922 5160 1129 5235 permutatur.
1182 5158 1241 5235 (75)
1270 5155 1311 5218 Et
1333 5155 1379 5218 ita
1402 5153 1464 5218 1811
1486 5152 1615 5218 maioris
1639 5153 1785 5217 miraculi
1807 5171 1874 5216 rem
1896 5173 1956 5236 pa-

323 5251 465 5317 trociniis
495 5254 646 5320 antistitis
676 5254 780 5320 sancti
809 5254 1010 5319 commissam
1042 5254 1089 5319 sic
1117 5253 1218 5320 181888
1248 5257 1406 5321 88118188
1437 5275 1532 5338 8888
1562 5275 1626 5320 888
1657 5253 1757 5319 181888
1780 5253 1950 5339 dilapsam,

324 5354 421 5420 duras
450 5363 560 5421 cautes
589 5378 652 5421 uon
681 5356 823 5422 sensisse
854 5356 929 5420 dum
958 5356 1164 5422 collideretur
1193 5380 1287 5442 quam
1320 5358 1464 5424 81881888
1494 5358 1637 5443 pericula
1660 5357 1735 5422 dum
1759 5363 1950 5437 servaretur,

368 5545 444 5595 ’16
462 5549 541 5595 cautis
559 5545 679 5614 riguisse]
696 5549 731 5610 cf.
752 5561 872 5609 88111811.
893 5549 935 5607 58,
956 5549 974 5594 l.
996 5549 1030 5596 95
1148 5546 1542 5617 1788181181881]1’819.1188.
1568 5551 1696 5612 V1!,779
1809 5548 1839 5599 31
1860 5549 1955 5597 inimo

325 5632 579 5695 (8811888111)
602 5631 742 5700 8811181111,
764 5632 901 5694 1111111181,
1015 5635 1136 5684 fluentem
1154 5661 1189 5671 -
1207 5633 1239 5686 ³2
1260 5634 1326 5703 eam]
1346 5650 1395 5686 om.
1411 5636 1439 5684 Μ
1553 5635 1585 5685 32
1605 5631 1954 5700 88118-3381881811,

325 5724 428 5768 uocatus
447 5725 504 5769 uota
522 5720 641 5769 dissoluit
658 5720 680 5768 L
786 5719 820 5771 34
839 5721 906 5782 lugta
924 5722 1006 5783 coepit
1025 5723 1117 5770 itlneru
1136 5721 1156 5769 L
