4374 6186
337 403 374 466 18
941 398 1111 456 VENANTI
1129 400 1345 457 FORTVNATI

335 591 441 676 coepit
464 591 504 657 de
528 589 746 656 misericordia
767 588 885 655 babere
908 589 1129 672 conloquium,
1157 596 1192 655 ut
1213 589 1297 656 datis
1319 589 1561 676 fideiussoribus
1583 590 1805 656 relaxarentur
1826 591 1866 657 de
1889 592 1964 657 vin-

334 695 406 760 culo
440 701 472 759 et
504 700 627 779 partem
661 693 775 777 culpae
810 691 938 758 cederet
966 693 1096 777 pictatia
1124 692 1254 759 intuitu.
1301 693 1395 771 Quod
1422 693 1480 759 ille
1509 693 1615 760 facere
1647 694 1773 760 distulit
1802 695 1964 760 obstinato

334 796 458 881 spiritu.
511 797 573 880 (87)
600 796 690 861 Vnde
719 803 890 880 antequam
913 796 1159 881 perpranderet,
1197 815 1232 863 se
1255 796 1296 861 de
1318 816 1432 862 mensa
1454 804 1583 863 sanctus
1606 798 1763 882 proripuit
1786 805 1817 863 et
1840 797 1964 863 carceri

335 901 541 966 subterraneo
563 900 763 984 superlectus
787 899 908 964 diutius
930 900 1034 965 oravit
1057 921 1127 965 oum
1151 900 1248 982 fletu,
1282 907 1317 965 ut
1340 901 1447 965 divino
1471 902 1667 968 conferretur
1688 902 1809 967 auxilio
1832 900 1919 984 quod
1943 921 1964 965 a

334 1004 508 1089 temporale
536 1003 643 1069 iudice
670 1023 733 1067 non
756 1009 843 1067 esset
865 1003 1024 1068 obtentus.
1077 1005 1138 1086 (88)
1166 1003 1219 1068 Sic
1243 1022 1354 1068 cursus
1377 1003 1435 1069 ille
1457 1004 1659 1070 lacrimarum
1683 1025 1741 1090 per
1762 1024 1838 1070 aera
1860 1003 1966 1087 surgit
1985 1027 2000 1064 s

334 1108 368 1172 in
391 1109 514 1173 caelum
538 1113 570 1172 et
592 1108 730 1190 gemitus
753 1107 899 1191 pervenit
921 1105 963 1170 ad
986 1113 1106 1172 votum.
1145 1107 1259 1190 Itaque
1282 1106 1456 1191 deputatur
1478 1110 1614 1192 angelus
1637 1109 1679 1174 ad
1695 1109 1854 1175 effectum.
1895 1107 1965 1172 De-

335 1209 410 1275 binc
431 1209 481 1274 vir
502 1210 697 1276 venerabilis
719 1229 809 1294 spem
832 1210 1019 1295 promittens
1042 1210 1183 1275 inclusos
1206 1216 1339 1275 ortatur.
1378 1211 1447 1276 Nec
1462 1211 1568 1296 perdit
1582 1232 1696 1294 sermo,
1723 1211 1808 1297 quod
1824 1211 1967 1293 loquitur

334 1312 398 1379 fide
426 1314 528 1397 gestis
556 1314 707 1398 inpletur.
765 1315 826 1395 (89)
853 1314 899 1378 Εο
929 1312 1114 1379 discedente
1144 1334 1218 1378 mox
1248 1321 1432 1378 catenarum
1462 1315 1563 1379 bacae
1594 1314 1802 1398 franguntur,
1837 1314 1966 1379 vinctae

334 1416 452 1483 ianuae
481 1425 681 1497 reserantur,
714 1417 784 1481 dies
812 1417 846 1481 in
877 1437 1037 1482 carcerem
1060 1415 1237 1497 reducitur,
1274 1417 1416 1482 damnati
1440 1418 1479 1482 de
1502 1418 1643 1483 tenebris
1666 1419 1699 1483 in
1723 1419 1826 1484 lucem
1849 1437 1966 1504 proce-

336 1520 415 1586 dunt
436 1541 496 1586 nec
518 1521 638 1586 diutius
661 1540 765 1605 poena
787 1520 890 1585 tenuit
911 1539 990 1602 quos
1012 1528 1184 1602 torqueret.
1236 1523 1296 1603 (99)
1326 1521 1380 1586 Sic
1403 1523 1503 1606 erepti
1526 1521 1669 1586 Parisius
1692 1528 1860 1587 occurrunt
1882 1542 1966 1605 pon·
1989 1513 2022 1582 rc

335 1623 413 1689 tifici
442 1624 497 1707 qui
525 1624 788 1708 periclitabantur
816 1624 943 1688 inclusi.
992 1623 1057 1689 Sed
1087 1631 1122 1689 ut
1152 1624 1366 1708 culpabilibus
1393 1624 1518 1706 aliquid
1540 1624 1614 1710 plus
1638 1624 1811 1706 conferret,
1845 1644 1966 1707 arege

335 1726 492 1811 quidquid
515 1727 590 1792 fisco
613 1727 743 1812 probis
766 1727 943 1792 debebatur
965 1727 1113 1792 obtinuit.

203 1831 316 1896 XXXI
430 1834 490 1915 (91)
518 1829 644 1897 Dehinc
665 1830 708 1895 ad
730 1837 875 1896 sanctum
898 1830 1001 1896 virum
1024 1831 1174 1896 Nicasius
1198 1851 1269 1896 eum
1292 1831 1392 1896 vellet
1410 1850 1574 1896 occurrere
1598 1838 1630 1896 et
1644 1832 1708 1896 iarn
1725 1837 1962 1916 praesentatus,

337 1955 411 2000 mox
433 1934 624 2018 gravissimo
647 1953 724 1999 casu
746 1934 779 1999 in
802 1941 918 1999 terram
941 1939 1121 2018 prostratus
1144 1941 1208 2016 est,
1236 1942 1268 1999 et
1291 1955 1394 2019 paene
1418 1934 1566 2000 omnibus
1589 1934 1704 2000 salutis
1720 1935 1889 2002 distitutus
1913 1954 1968 2000 so-

337 2037 435 2118 latiis,
462 2038 533 2122 ipso
556 2044 666 2103 sancto
688 2037 918 2118 intercedente,
946 2037 1066 2102 homini
1091 2038 1254 2122 disperato
1277 2038 1378 2103 virtus
1401 2044 1433 2103 et
1456 2057 1571 2103 sensus
1594 2059 1760 2122 regressus
1784 2050 1842 2104 est.
1890 2040 1967 2103 Mox
1992 2058 2026 2099 ιι

337 2141 478 2206 balteum
508 2161 571 2223 quo
596 2142 786 2224 cingebatur
808 2148 840 2206 et
862 2147 987 2225 spatam
1011 2160 1068 2225 pro
1091 2160 1222 2205 munere
1245 2141 1338 2206 beato
1362 2140 1523 2206 Germano
1546 2142 1755 2223 contradidit,
1788 2141 1873 2225 quod
1894 2141 1967 2226 ipse

338 2264 444 2310 comes
474 2244 548 2309 dato
577 2245 680 2329 pretio
709 2249 781 2328 post
804 2243 950 2309 redemit.
1003 2245 1064 2326 (92)
1093 2242 1131 2307 ld
1153 2250 1259 2308 actum
1283 2250 1348 2323 cst,
1383 2251 1417 2309 ut
1439 2243 1525 2327 quod
1547 2245 1637 2331 prius
1660 2244 1867 2310 incarceratis
1890 2264 1969 2309 con-

339 2349 453 2415 cedere
476 2348 602 2414 distulit
624 2348 675 2413 hic
698 2347 861 2433 duplicato
884 2348 1014 2413 foenore
1037 2346 1162 2412 debitor
1185 2355 1396 2431 conpensaret
1417 2355 1451 2413 et
1471 2355 1566 2413 aucta
1589 2348 1662 2413 dote
1685 2348 1804 2413 damna
1820 2347 1964 2430 sarciret,

338 2453 428 2537 prius
451 2471 508 2535 pro
531 2451 578 2517 eis
602 2451 765 2534 differens,
791 2458 865 2537 post
887 2458 920 2516 et
941 2470 976 2516 se
997 2450 1104 2534 ipsum
1127 2449 1305 2517 redimens:
1332 2458 1407 2517 ante
1429 2471 1491 2517 nec
1512 2451 1579 2517 illis
1601 2452 1685 2536 pius,
1713 2452 1807 2517 modo
1826 2458 1858 2517 et
1873 2451 1914 2517 de
1932 2471 1968 2517 se

337 2554 484 2639 trepidus
507 2553 621 2620 didicit
641 2575 718 2620 casu
741 2554 868 2639 proprio
890 2553 1051 2618 aerumnis
1075 2572 1259 2619 succurrere
1282 2555 1409 2619 alienis.
1990 2576 2024 2618 ao

191 2659 321 2724 XXXII
435 2661 494 2742 (93)
522 2659 654 2723 Prorsus
675 2657 759 2722 illud
782 2658 922 2741 stuporis
944 2664 1108 2722 retexatur
1130 2657 1161 2722 in
1185 2658 1316 2742 pagina.
1355 2659 1459 2723 Eunte
1483 2665 1593 2723 sancto
1616 2658 1683 2723 viro
1706 2657 1748 2723 ad
1770 2658 1856 2724 beati
1878 2678 1968 2723 mar-

339 2760 421 2846 tyris
444 2761 662 2847 Synphoriani
685 2780 861 2843 occursum,
889 2761 964 2826 dum
988 2760 1028 2826 de
1050 2761 1120 2826 ulco
1144 2760 1332 2827 Cervedone
1354 2762 1388 2827 in
1410 2761 1578 2826 Murrinno
1601 2761 1812 2845 progreditur,
1838 2761 1968 2827 habita-

340 2871 426 2930 tores
455 2864 517 2929 loci
546 2871 748 2930 occurrentes
778 2871 971 2947 suggerunt,
1007 2872 1041 2928 ut
1070 2872 1213 2947 segetem
1236 2865 1382 2930 Pauitiae
1409 2864 1553 2930 mulieris
1575 2864 1694 2929 viduae
1716 2864 1796 2929 nibil
1820 2865 1969 2930 habentis

341 2968 481 3051 residui,
512 2987 594 3050 quae
617 2969 659 3033 ab
684 2969 766 3033 ursis
788 2968 990 3046 vastabatur,
1019 2967 1149 3033 visitare
1172 2968 1371 3052 praeciperet
1393 2976 1426 3034 et
1447 2975 1557 3034 sancto
1584 2988 1641 3032 suo
1663 2967 1805 3032 adventu
1828 2967 1969 3051 repelle-

340 3079 428 3137 retur
457 3071 608 3137 incursio.
655 3071 718 3149 Qui
749 3071 889 3136 concitus
918 3071 1071 3136 ministris
1102 3071 1316 3137 inridentibus
1346 3072 1388 3136 ad
1418 3074 1521 3137 locum
1551 3072 1736 3157 perducitur
1765 3079 1797 3136 et
1826 3071 1969 3136 oratione
1992 3094 2027 3136 as

341 3174 419 3239 data
441 3173 579 3258 desuper
602 3174 679 3240 fecit
701 3175 916 3259 signaculum.
969 3178 1028 3258 (94)
1057 3175 1139 3240 Hinc
1161 3175 1312 3240 instinctu
1336 3175 1443 3240 divino
1466 3176 1499 3239 in
1521 3175 1706 3259 parentales
1721 3174 1842 3239 bestias
1857 3173 1970 3240 feralis

341 3277 391 3343 ira
413 3278 624 3359 succenditur,
652 3279 760 3344 odium
782 3279 924 3345 nascitur
945 3279 978 3343 in
1001 3280 1128 3359 affectu,
1155 3280 1189 3343 in
1212 3298 1291 3363 pace
1314 3300 1424 3363 pugna
1447 3279 1662 3345 committitur.
1704 3279 1822 3343 Furore
1845 3277 1971 3344 bestiae

340 3381 392 3448 bis
422 3389 600 3463 armantur,
636 3382 743 3447 statim
772 3382 975 3467 praefocatur
1004 3402 1085 3446 uuus
1115 3401 1208 3447 ursus
1237 3382 1277 3446 ab
1308 3383 1408 3447 altero
1438 3389 1471 3447 et
1498 3382 1570 3466 ipse
1599 3382 1654 3465 qui
1683 3382 1857 3462 restiterat,
1893 3381 1971 3448 dum

342 3484 441 3550 vellet
473 3484 560 3550 foras
593 3486 721 3568 egredi,
760 3486 868 3570 saepis
900 3485 974 3570 palo
1008 3484 1225 3550 transfoditur.
1275 3485 1328 3551 Sic
1357 3486 1481 3569 utrique
1512 3492 1689 3551 vastatores
1719 3507 1781 3551 uno
1812 3495 1972 3551 momento

341 3588 540 3674 perimuntur
568 3596 601 3654 et
628 3588 692 3674 ipsi
721 3590 781 3654 sibi
813 3589 980 3655 confestim
1009 3609 1099 3653 arma
1128 3588 1239 3653 mortis
1271 3590 1376 3654 effecti
1408 3597 1491 3655 sunt.
1544 3591 1606 3673 (95)
1633 3589 1709 3655 Post
1736 3591 1800 3675 ipsi
1824 3589 1972 3656 redeunti
1995 3613 2028 3653 ao

341 3692 457 3758 mulIer
488 3693 592 3778 pelles
626 3713 769 3758 ursorum
800 3693 915 3758 obtulit
947 3713 987 3758 ex
1017 3693 1122 3758 studio
1152 3700 1185 3758 et
1213 3694 1305 3775 quasi
1336 3692 1447 3758 victori
1479 3712 1536 3758 suo
1566 3701 1789 3778 repraesentat
1818 3693 1968 3778 spolium,

342 3797 427 3880 quod
455 3804 564 3862 tamen
586 3797 713 3863 omuino
735 3798 807 3883 ipse
827 3797 989 3863 recusavit
1010 3797 1174 3880 accipere:
1210 3797 1319 3880 etqui
1342 3796 1430 3881 prius
1453 3797 1590 3862 riserant
1613 3798 1776 3881 paenitere
1800 3804 1975 3881 coeperunt

342 3900 488 3966 ridentes
509 3901 709 3966 miraculum.

180 4004 325 4070 XXXIII
439 4008 499 4088 (96)
527 4006 568 4070 Et
589 4006 737 4089 quoniam
762 4004 803 4069 de
825 4004 879 4069 dei
903 4004 985 4069 dono
1008 4025 1070 4069 non
1094 4004 1192 4070 debet
1214 4023 1286 4069 esse
1310 4003 1491 4084 fastidium,
1525 4003 1609 4068 illud
1631 4003 1728 4089 etiam
1751 4002 1890 4068 breviter
1912 4002 1975 4067 du-

343 4108 446 4174 cimus
468 4109 707 4191 explicandum.
748 4106 933 4173 Beretrudis
957 4109 1116 4190 quaedam
1140 4109 1256 4173 muller
1270 4108 1470 4172 Munsviuthi
1493 4115 1637 4172 matrona
1653 4107 1728 4171 dum
1744 4113 1886 4192 tempore
1902 4106 1973 4172 lae·
1996 4131 2028 4172 ss

343 4212 502 4277 taniarum
532 4212 752 4296 praecaecatis
780 4212 882 4277 oculis
904 4232 967 4276 non
990 4219 1099 4295 posset
1121 4212 1167 4277 ire
1191 4232 1261 4277 cum
1285 4212 1420 4296 populo,
1455 4210 1589 4275 audiens
1613 4211 1741 4275 chorum
1765 4210 1973 4294 psallentium

344 4334 415 4380 curn
445 4314 585 4379 lacrimis
615 4314 724 4379 domni
746 4315 899 4380 Germani
928 4316 1069 4399 implorat
1098 4316 1267 4381 auxilium.
1318 4316 1380 4408 (97)
1409 4315 1520 4380 Tertia
1550 4315 1697 4396 sequenti
1727 4321 1818 4379 nocte
1841 4333 1899 4399 per
1921 4333 1974 4379 so-

344 4438 453 4503 porem
476 4418 565 4482 visus
588 4425 638 4483 est
659 4419 689 4482 ei
712 4419 762 4482 vir
783 4418 988 4483 beatissimus
1012 4419 1141 4484 adstare
1163 4439 1262 4504 prope
1284 4420 1436 4484 lectulum
1452 4424 1484 4483 et
1499 4417 1590 4501 quasi
1608 4417 1712 4482 caecis
1728 4417 1828 4482 oculis
1844 4416 1977 4482 fecisset

345 4521 558 4605 signaculum.
606 4520 775 4604 Evigilans
809 4522 923 4587 mulier
957 4523 1070 4587 marito
1104 4530 1212 4587 namat
1247 4543 1329 4605 quae
1364 4531 1457 4604 gesta
1491 4529 1574 4586 sunt.
1638 4524 1698 4605 (98)
1727 4522 1801 4586 Mox
1832 4521 1974 4586 stillante

345 4624 503 4708 sanguine
534 4624 604 4689 dies
634 4625 735 4689 oculis
766 4625 910 4690 redditur
933 4633 965 4691 et
988 4625 1172 4690 diuturnum
1196 4633 1269 4710 post
1291 4625 1435 4690 nubilum
1459 4625 1580 4689 lumina
1603 4644 1715 4690 sereno
1739 4625 1828 4689 radio
1852 4625 1974 4690 micue-
1996 4649 2026 4689 ro

345 4735 429 4793 runt.
477 4728 676 4793 Clariscente
706 4748 832 4810 quoque
859 4729 911 4794 die
935 4729 978 4793 ad
1001 4729 1132 4794 missam
1156 4749 1227 4794 cum
1251 4729 1368 4814 populo
1391 4729 1593 4813 progreditur
1615 4728 1730 4794 mulier
1753 4729 1785 4793 in
1808 4747 1969 4814 processu,

346 4831 392 4898 ita
414 4838 449 4896 ut
471 4832 573 4897 sancti
596 4831 656 4895 viri
679 4832 724 4896 sic
748 4833 817 4896 visa
839 4852 896 4917 per
919 4832 1075 4896 somnium
1100 4840 1186 4898 esset
1209 4833 1315 4915 imago
1337 4832 1526 4898 remedium.

184 4938 324 5003 XXXIV
439 4937 498 5017 (99)
526 4933 628 5000 Adest
657 4955 716 5000 nec
744 4937 848 5001 minus
878 4936 1042 5002 laudabile
1072 4936 1198 5001 reddita
1228 4936 1296 5000 vita
1326 4936 1517 5001 infantulae.
1566 4936 1646 5002 Cum
1676 4936 1709 5000 in
1736 4935 1894 5000 Turonico
1924 4933 1976 4998 in-

347 5039 457 5104 lustris
488 5039 548 5104 viri
569 5039 674 5104 Pienti
703 5047 847 5105 matrona
874 5040 1040 5125 expositae
1063 5040 1149 5106 filiae
1173 5041 1365 5107 lamentaret
1388 5048 1532 5107 extrema
1556 5047 1588 5105 et
1611 5040 1768 5104 obseratis
1791 5038 1892 5104 oculis
1915 5057 1976 5102 nec

435 5284 450 5334 2
468 5286 585 5334 cederent
604 5286 626 5331 P
727 5285 743 5333 4
761 5286 889 5333 sublectus
912 5283 943 5332 0¹
1048 5282 1213 5352 conferretur]
1233 5281 1313 5344 P²G²,
1336 5287 1505 5332 consereretur
1525 5282 1555 5329 Ρ1
1663 5283 1764 5330 bessct
1781 5279 1911 5348 obtentus]
1931 5281 1976 5330 PG

349 5391 381 5414 =
400 5374 552 5420 obtinuisset
657 5367 1224 5437 8111110μῂΘηρ.Μ.8.Ματε.1,23
1328 5371 1452 5419 uictaeP
1556 5368 1764 5429 ilprodeuutP1
1871 5368 1975 5417 11111-

347 5459 438 5520 pabilIs
455 5458 487 5506 1²1
629 5457 659 5507 13
679 5459 752 5506 uellit
771 5458 799 5521 P,
821 5462 877 5506 ilem
896 5460 965 5520 fasec
1106 5457 1273 5508 morenaco
1292 5458 1315 5505 P
1454 5456 1484 5505 15
1503 5459 1587 5519 ipsum
1607 5461 1720 5503 sanctum
1739 5456 1936 5505 intercedentem
1956 5457 1980 5503 P

351 5545 380 5594 17
400 5560 502 5594 concere
521 5544 552 5593 P¹
658 5544 689 5594 19
707 5541 766 5612 nec]
787 5545 833 5594 PG
937 5543 969 5594 22
988 5546 1187 5594 morulncumG
1291 5544 1323 5593 23
1342 5544 1492 5607 paniciaeG
1597 5540 1630 5590 24
1649 5545 1691 5602 qni
1711 5542 1836 5591 ccorr.P
1938 5539 1976 5608 et]

349 5629 438 5680 uelc²
541 5631 573 5680 25
592 5632 750 5680 concltemP
852 5631 884 5682 28
903 5632 1089 5696 prouocaturP
1191 5632 1224 5681 39
1243 5637 1300 5694 post
1313 5632 1403 5694 lpsofl
1508 5629 1540 5678 31
1558 5629 1687 5677 donumP
1793 5629 1895 5677 XXXII
1913 5634 1970 5677 onte

349 5720 413 5767 illud
432 5720 454 5765 P
556 5720 587 5768 35
607 5727 719 5783 matrone
738 5718 769 5766 1²¹
874 5720 907 5767 111
926 5721 1046 5768 dluturno
1065 5719 1088 5766 P
1190 5719 1219 5767 41
1242 5722 1317 5766 mlesa
1339 5718 1368 5765 Ρ1
