4374 6186
772 1837 907 1935 VITA
940 1837 1048 1936 stit
1052 1837 1136 1935 ΟΤΙ
1167 1837 1393 1936 HILARll.

361 2073 399 2153 (l)
428 2071 568 2136 Damno
591 2088 720 2135 seuero
744 2089 786 2133 nr
809 2088 946 2135 nnnrms
968 2086 1170 2136 nnurrssnro
1194 2088 1294 2135 rnnnr
1317 2072 1507 2135 Plscuurro
1530 2089 1638 2136 curun
1655 2072 1894 2136 l'on'rvunrvs.
1919 2069 1936 2133 I

270 2175 426 2260 Religiosi
449 2174 585 2259 pectoris
608 2173 714 2238 studio
737 2172 931 2239 sollicitante
954 2173 1171 2253 commonitus,
1199 2193 1271 2258 quo,
1298 2194 1384 2259 papa
1398 2173 1594 2255 beatissime,
1622 2173 1739 2240 divinis
1760 2175 1795 2240 in
1817 2174 1899 2241 acti-

270 2279 330 2343 bus
360 2277 443 2342 sacri
474 2277 715 2343 conversatione
744 2276 900 2362 propositi
930 2276 1047 2361 iugiter
1076 2276 1262 2342 exercitaris
1291 2276 1431 2342 intentus
1461 2283 1494 2342 et
1520 2276 1660 2343 intendis
1683 2284 1830 2360 exertus,
1865 2285 1899 2344 ut

239 2382 365 2447 nfacile
396 2381 438 2447 sit
467 2381 670 2466 perspicuum
701 2381 744 2446 ad
775 2382 931 2446 culturam
963 2379 1202 2446 ecclesiasticae
1232 2379 1421 2466 disciplinae
1451 2387 1485 2446 et
1513 2379 1614 2446 fuisse
1642 2387 1675 2447 te
1702 2381 1845 2465 genitum
1867 2387 1901 2447 et

271 2505 343 2551 esse
372 2493 573 2570 provectum:
608 2483 880 2567 inrefragabiliter
908 2483 1027 2549 veteris
1051 2483 1271 2569 dispositionis
1294 2503 1332 2549 ao
1355 2483 1504 2549 catholici
1527 2484 1685 2569 dogmatis
1708 2484 1900 2551 fundamen-

270 2595 337 2654 tum
367 2595 474 2653 cuetos
497 2588 670 2653 observans
694 2594 726 2652 et
747 2587 790 2651 ad
813 2586 1069 2653 aedificationem
1093 2587 1198 2672 plebis
1220 2585 1461 2652 amantissimae
1484 2588 1584 2652 veluti
1606 2588 1708 2653 bonus
1730 2587 1902 2654 instructor

270 2691 438 2757 adiciendo
458 2691 581 2774 aliquid
597 2691 723 2755 culmen
739 2689 881 2756 fabricae
897 2689 1083 2756 continuare
1099 2689 1255 2756 festinans
1270 2710 1333 2755 non
1349 2689 1419 2755 sine
1434 2690 1546 2755 timore
1562 2690 1681 2756 divino.
1734 2693 1773 2779 (2)
1801 2691 1901 2758 Cuius

271 2795 375 2879 operis
398 2815 505 2860 amore
527 2801 720 2879 praeventus
744 2814 781 2858 eo
805 2812 906 2876 usque
929 2813 980 2858 me
1003 2793 1156 2877 dignatus
1180 2813 1215 2859 es
1237 2813 1444 2879 perurguere,
1471 2813 1533 2876 quo
1550 2795 1590 2859 de
1606 2794 1733 2860 actibus
1749 2794 1901 2861 sacratis·

225 2923 252 2963 ro
272 2897 345 2963 simi
367 2897 427 2962 viri
449 2898 565 2963 Hilarii
589 2897 790 2977 confessoris,
817 2896 873 2979 qni
894 2903 926 2962 te
945 2897 985 2962 ab
1001 2897 1080 2982 ipsis
1097 2897 1264 2963 cunabulis
1279 2903 1353 2962 ante
1369 2916 1429 2962 sua
1443 2897 1581 2982 vestigia
1596 2897 1690 2981 quasi
1704 2898 1901 2984 peculiarem

271 3002 438 3067 vernulam
462 3001 663 3068 familiariter
686 3000 847 3081 enutrivit,
875 3007 911 3066 ut
931 3000 1069 3086 impensi
1091 3000 1232 3066 muneris
1255 3001 1307 3066 vel
1330 3001 1428 3066 verba
1443 3002 1648 3087 rependeres,
1673 3000 1746 3066 ideo
1762 3001 1824 3067 etsi
1838 3020 1901 3066 non

271 3105 368 3190 plena
383 3105 436 3169 vel
452 3126 492 3170 cx
509 3111 598 3190 parte
616 3105 784 3191 complexa
800 3104 1066 3190 perstringerem:
1092 3103 1242 3187 quatinus
1258 3103 1333 3168 dum
1350 3103 1400 3169 sui
1415 3104 1524 3188 gregis
1539 3104 1669 3170 auribus
1684 3124 1746 3170 vox
1761 3103 1902 3187 quodam

272 3208 366 3273 modo
396 3215 427 3274 et
454 3208 521 3273 vita
543 3209 681 3293 pastoris
704 3207 918 3292 antiquissimi
940 3214 1120 3289 resonaret,
1156 3214 1188 3272 et
1209 3207 1265 3272 ille
1287 3206 1436 3292 probaret
1459 3207 1669 3273 ministerium
1692 3207 1815 3293 etipse
1838 3227 1902 3274 nen

272 3311 395 3376 celares
417 3312 579 3377 affectum.
631 3312 670 3396 (31
698 3311 762 3377 Sed
794 3332 865 3376 cum
895 3311 957 3376 mei
987 3310 1109 3395 ingenii
1138 3309 1329 3375 brevitatem
1358 3330 1524 3393 mensuro,
1559 3310 1642 3376 adeo
1671 3311 1758 3377 beati
1783 3308 1899 3376 Hilarii
1920 3311 1954 3376 11

223 3442 251 3480 1⁵
271 3415 518 3480 immensitatem
545 3416 657 3481 fortem
682 3435 855 3500 cognosco,
890 3422 926 3481 ut
946 3436 1029 3500 pene
1053 3415 1129 3479 milri
1153 3414 1301 3479 videatur
1322 3415 1459 3498 aequale
1481 3420 1547 3478 tam
1569 3412 1657 3478 istud
1677 3434 1772 3499 posse
1795 3413 1902 3480 dicere

272 3540 368 3602 quam
392 3518 493 3603 digito
516 3520 641 3584 eaelum
663 3525 814 3602 tangere,
845 3519 1034 3604 praesertim
1058 3517 1143 3601 quod
1166 3518 1262 3584 etiam
1287 3525 1321 3583 ut
1342 3518 1438 3583 audio
1460 3517 1547 3583 beati
1569 3517 1758 3601 Hieronymi
1779 3525 1902 3584 torrens

270 3623 353 3688 illud
383 3622 546 3704 cloquium
576 3622 773 3687 recusaverit
793 3628 1001 3707 attemptare,
1036 3623 1090 3705 qui
1113 3621 1268 3687 materiae
1292 3621 1362 3686 eius
1385 3642 1419 3687 se
1442 3622 1597 3705 imparem
1621 3627 1754 3687 eatenus
1776 3620 1901 3686 iudica-

271 3725 369 3804 vcrit,
396 3732 432 3790 ut
453 3731 583 3790 taceret.
637 3727 675 3805 (41
704 3726 773 3808 Ego
796 3745 872 3790 vcro
896 3725 948 3790 cui
971 3725 1090 3789 nullius
1113 3725 1268 3791 scientiae
1291 3725 1418 3809 inrigua
1440 3725 1561 3790 fluenta
1583 3731 1778 3805 succurrunt,
1806 3744 1901 3808 quem

271 3829 326 3892 vix
350 3827 506 3892 stillicidii
528 3828 680 3912 pauperis
702 3834 868 3893 attenuata
890 3835 982 3912 gutta
1004 3827 1166 3913 perfudit,
1200 3828 1281 3893 nihil
1304 3827 1432 3913 proprio
1454 3827 1495 3893 de
1518 3827 1604 3894 fonte
1626 3827 1803 3912 respirans,
1838 3847 1902 3912 qua

223 3954 252 3994 uo
271 3931 451 3996 temeritate
480 3931 564 3995 inter
591 3930 736 4014 ingentia
765 3931 897 3996 flumina
927 3930 1082 3997 Eufraten
1110 3931 1226 3996 Hilarii
1256 3937 1288 3996 et
1317 3930 1425 3995 Nilum
1456 3930 1644 4016 Hieronymi
1674 3930 1775 3996 siccos
1804 3928 1901 3996 velim

273 4053 385 4099 cursus
413 4033 604 4117 extendere,
637 4054 707 4099 cum
731 4033 771 4100 de
795 4034 850 4099 illo
874 4035 968 4101 etiam
993 4035 1170 4101 doctissimi
1191 4034 1251 4099 viri
1273 4033 1425 4118 quioquid
1449 4034 1555 4100 dicere
1577 4040 1763 4119 potuerunt,
1796 4032 1902 4100 minus

363 4313 371 4362 1
400 4328 429 4361 nv
455 4327 560 4361 cnnrsrr
584 4325 689 4360 uorrrnn
714 4326 814 4360 rnerrrr
835 4326 897 4361 vrrs
917 4327 1010 4361 snucrr
1029 4327 1062 4360 nc
1081 4327 1231 4360 nnumssrrrr
1249 4326 1362 4360 unnsrur
1380 4325 1497 4360 rrnrscorr
1515 4325 1547 4359 nr
1565 4324 1739 4362 cornescere
1757 4325 1903 4363 comrosrus

273 4416 290 4450 n
308 4416 408 4450 seuero
426 4414 582 4450 ronrvmsro
600 4413 768 4448 rensnrrnno
785 4402 816 4463 G,
837 4414 938 4449 rucrrrr
955 4413 1088 4449 recuccus
1107 4414 1135 4447 ru
1154 4413 1237 4448 vrrurs
1256 4413 1350 4448 essert
1368 4412 1481 4447 urrann
1499 4412 1617 4449 resecent
1635 4402 1900 4464 secerneremur,

272 4492 363 4539 lemma
380 4503 427 4538 om.
443 4490 466 4537 A
534 4490 663 4549 prolapsam
680 4489 759 4534 ‹rtium
777 4501 881 4550 eamque
900 4488 1031 4536 breviorem
1050 4488 1137 4536 tabent
1151 4488 1210 4536 XV:
1229 4489 1323 4550 Incipit
1340 4488 1456 4550 prologus
1473 4501 1507 4535 ex
1524 4488 1605 4548 gestis
1624 4488 1704 4536 uncti
1722 4488 1806 4537 hilarii
1824 4489 1905 4551 plats-

274 4578 371 4624 uienele
390 4576 501 4639 episcopi
525 4575 559 4636 (et
577 4576 723 4623 corrfessoris
742 4573 801 4622 add.
822 4576 869 4637 V),
897 4575 962 4636 quod
981 4581 1020 4622 est
1040 4575 1074 4636 (q.
1096 4589 1119 4624 e.
1139 4589 1186 4622 om.
1209 4573 1239 4635 Y)
1260 4575 1318 4622 idus
1336 4575 1451 4623 ianuarii.
1489 4575 1630 4621 beatissimi
1652 4574 1735 4621 hilarii
1753 4575 1903 4624 confessoris

278 4664 421 4724 (confratres
434 4663 470 4723 Χ)
492 4663 571 4709 uitam
596 4661 637 4708 uel
660 4674 733 4722 opera
758 4675 808 4708 non
833 4663 909 4709 unius
935 4662 978 4709 sed
1004 4662 1139 4709 multorum
1164 4665 1262 4722 patrum
1285 4660 1318 4723 (p.
1339 4675 1388 4709 om.
1408 4658 1437 4721 Υ]
1459 4661 1580 4708 relatione
1599 4662 1765 4722 comperimus
1783 4662 1810 4708 ln
1829 4661 1904 4709 lende

274 4750 368 4797 domini
392 4749 474 4798 nostri
499 4749 553 4796 iesu
579 4747 666 4794 christi
685 4750 819 4795 memoriae
837 4748 954 4796 traditum
972 4754 998 4794 et
1016 4749 1162 4796 bellatorem
1181 4747 1267 4795 christi
1286 4761 1370 4797 eornm
1390 4747 1520 4809 opusculis
1537 4750 1621 4795 contre
1638 4747 1698 4795 srril
1714 4746 1844 4808 perfidiam
1861 4747 1903 4796 lu-

274 4836 448 4883 culentissime
467 4836 525 4881 flore
544 4835 699 4892 defloratum,
721 4835 791 4880 etin
811 4835 961 4896 multiplicia
982 4834 1156 4895 (multiplicem
1171 4832 1217 4894 111,
1238 4833 1380 4895 multiplice
1393 4830 1440 4895 Χῖ)
1460 4835 1488 4880 ln
1510 4833 1544 4894 (ln
1563 4846 1612 4880 ras.
1628 4832 1662 4893 Χ)
1685 4833 1741 4881 elus
1763 4833 1808 4893 tels
1826 4835 1856 4882 sd
1874 4834 1901 4895 V)

276 4934 336 4967 uere
356 4922 415 4968 fidei
434 4921 616 4968 confessionem
635 4926 721 4968 texere
739 4926 808 4981 gesta
830 4921 880 4983 (erc
898 4926 968 4980 gestu
985 4935 1035 4969 sas.
1051 4921 1100 4979 X).
1132 4919 1306 4968 huiuscemodi
1321 4920 1355 4980 (re
1368 4918 1426 4968 odd.
1449 4921 1479 4978 V)
1499 4921 1588 4967 bertus
1606 4918 1760 4967 hieronimus
1779 4920 1905 4968 maximus

275 5007 409 5066 stipulator
431 5007 521 5054 enitet.
559 5007 667 5068 qualiter
692 5008 734 5054 uel
755 5008 876 5068 quomodo
894 5008 921 5054 tn
941 5007 1034 5065 synodo
1052 5007 1198 5055 ariminensi
1216 5007 1369 5068 temporibus
1386 5006 1522 5054 constantii
1540 5005 1661 5067 principis
1680 5006 1726 5053 sub
1745 5010 1815 5053 tsuro
1833 5019 1904 5066 prse-

274 5093 339 5140 fecto
358 5093 430 5139 miles
450 5093 536 5140 christi
555 5093 679 5140 dimicarit
700 5094 887 5154 (dimicruttlf)
907 5093 1063 5154 exiliumque
1083 5094 1216 5155 pertulerit
1235 5094 1320 5152 frigiae
1338 5093 1498 5154 lustrnmque
1516 5092 1668 5152 erulrnerit,
1688 5092 1804 5139 omnibus
1822 5095 1904 5140 recta

276 5179 381 5239 piaeque
400 5178 458 5225 fidei
477 5180 626 5240 sequacibus
645 5184 732 5227 notum
752 5179 859 5226 babetur
963 5178 978 5227 2
997 5192 1021 5227 n.
1041 5192 1065 5228 r.
1087 5192 1112 5228 r.
1131 5175 1239 5245 1³.]VA,
1258 5177 1292 5238 cs.
1309 5177 1548 5239 tasrap.i,l.12,
1570 5179 1641 5226 besto
1653 5178 1720 5239 patri
1733 5177 1863 5227 Pescentfc
1883 5178 1905 5226 G

278 5261 427 5331 derectus]
448 5262 515 5326 (11.1,
535 5266 689 5314 exercitetur
713 5266 739 5326 V,
760 5265 795 5326 es.
816 5279 893 5313 rann.
908 5266 939 5324 X,
957 5264 1037 5327 1221
1144 5264 1234 5315 besse
1252 5270 1278 5314 te
1296 5266 1435 5327 perfeetum
1456 5265 1478 5313 θ
1582 5265 1791 5326 inrefragabiliter
1807 5291 1843 5302 -
1860 5265 1904 5313 ab·

275 5365 380 5399 seruans
397 5377 432 5387 —
449 5347 586 5417 festinans]
608 5351 639 5411 0,
659 5365 717 5399 enm
735 5352 816 5401 irrefr.
836 5376 873 5387 —
889 5353 1005 5399 obseruas
1021 5376 1058 5388 -
1074 5352 1181 5399 festines
1203 5351 1245 5400 Vei
1377 5347 1417 5418 se]
1434 5364 1483 5398 om.
1503 5350 1544 5398 Vei
1677 5350 1841 5398 fundaments
1862 5351 1905 5399 VA

274 5437 448 5488 senlitendo
464 5438 506 5485 VA
611 5433 780 5504 9eousque]
795 5437 824 5498 θ,
839 5453 890 5487 om.
909 5437 936 5498 V,
951 5438 1093 5499 eiusqueri
1200 5436 1231 5487 1⁰
1249 5437 1337 5486 helerii
1353 5436 1395 5499 0¹,
1411 5438 1632 5496 hylarilutsotent
1648 5436 1691 5484 VA
1796 5434 1825 5485 11
1845 5449 1905 5486 ner·

275 5523 393 5571 naculum
416 5522 457 5569 Vei
581 5521 609 5572 11
630 5519 700 5590 ideo]
718 5537 763 5585 ego
788 5523 814 5584 V,
834 5525 862 5572 id
879 5537 925 5584 ego
942 5524 965 5571 A
1090 5523 1122 5576 ta
1139 5519 1227 5592 plens]
1247 5523 1307 5572 G¹V
1425 5524 1507 5586 gregis
1526 5518 1641 5589 ruribus]
1661 5522 1711 5584 VA‚
1733 5523 1858 5583 gregibus,
1878 5525 1906 5572 tn

273 5610 351 5658 litam
368 5610 436 5670 gregi
457 5610 478 5658 G
605 5608 636 5659 13
656 5610 797 5659 misterium
817 5607 876 5658 0¹14
1000 5608 1030 5659 15
1048 5611 1111 5660 ferte
1131 5611 1155 5659 θ
1277 5607 1309 5661 ts
1328 5605 1418 5677 digito]
1435 5607 1521 5658 ormo
1635 5609 1701 5657 berti
1720 5613 1749 5656 ut
1766 5608 1840 5658 sudio
1862 5607 1906 5658 VA

278 5695 307 5746 l'l
326 5695 444 5745 materiae
463 5690 531 5762 eius]
550 5695 665 5745 materiei
688 5694 731 5745 VA
834 5693 868 5747 20
886 5691 983 5769 hilarii]
998 5696 1067 5746 besu
1085 5696 1132 5751 llil.
1157 5688 1208 5747 VA‘
1303 5696 1385 5749 sicum
1408 5696 1450 5744 VA
1554 5693 1585 5746 21
1605 5689 1667 5762 uiri]
1684 5707 1733 5744 cess.
1753 5695 1796 5743 VA

353 5794 481 5840 veressus
494 5794 652 5839 retrusus.
1685 5798 1695 5850 l
