4374 6186
268 427 309 487 54
637 419 808 477 VENANTI
825 417 1048 478 FORTVNATI
1064 419 1159 477 VITA
1176 419 1316 477 snscnl
1332 419 1534 478 MARCELLI.

271 612 333 695 (47)
361 612 453 677 Tunc
476 609 691 695 praecedente
714 610 864 695 pontifice
885 610 1023 677 bestiam
1046 611 1114 677 fere
1135 609 1238 677 trihus
1260 610 1392 677 milibus
1413 630 1525 677 omnes
1547 612 1708 697 prosecuti
1730 621 1812 679 sunt
1835 612 1926 678 red-

266 712 382 780 dentes
408 714 531 798 gratias
561 712 688 779 domino
718 720 751 779 et
780 714 944 779 solventes
966 713 1139 797 exsequias
1160 712 1304 780 inimico.
1350 714 1477 781 Deinde
1498 713 1667 800 increpans
1690 736 1765 782 eum
1789 716 1923 782 beatus

267 815 441 882 Marcellus
470 816 564 883 dixit:
599 817 651 883 Ab
680 816 741 882 hao
770 816 823 883 die
852 823 909 882 aut
937 816 1065 883 deserta
1092 823 1167 883 tene
1197 823 1253 882 aut
1281 816 1316 883 in
1346 837 1434 883 mare
1457 817 1621 901 demerge.
1667 818 1744 884 Mox
1766 818 1923 885 dimissa

267 920 389 1003 hestia,
423 921 512 986 nulla
542 921 612 986 eins
634 920 771 986 ulterius
792 919 914 985 indicia
936 928 1011 986 sunt
1030 920 1172 987 inventa.
1226 921 1288 1004 (48)
1316 920 1400 987 Ecce
1423 922 1698 1005 propugnaculum
1721 922 1854 1007 patriae
1879 922 1922 987 in

267 1043 331 1090 uno
360 1024 534 1090 consistere
566 1022 750 1106 sacerdote,
785 1024 839 1107 qui
869 1022 978 1107 fragili
1004 1023 1119 1089 haculo
1142 1024 1258 1089 fortius
1280 1025 1406 1090 hostem
1429 1022 1571 1090 edomuit
1593 1045 1688 1108 qnam
1711 1025 1739 1090 si
1761 1026 1919 1092 balistae
1942 1050 1956 1088 a

266 1126 473 1206 transissent,
507 1147 585 1192 nam
615 1127 788 1210 sagittatus
816 1134 1020 1211 repercutere
1049 1134 1188 1211 poterat,
1223 1127 1288 1192 nisi
1317 1127 1460 1192 vinceret
1489 1147 1540 1193 res
1571 1127 1698 1193 divina!
1746 1127 1918 1195 Ovirum

267 1229 522 1313 sanctissimum,
555 1230 588 1295 in
618 1230 708 1295 cuius
738 1230 803 1295 levi
832 1230 948 1295 baculo
970 1230 1098 1296 virtutis
1120 1237 1171 1295 est
1191 1230 1318 1315 pondus
1341 1237 1524 1313 ostensum,
1557 1231 1648 1298 cuius
1670 1232 1786 1298 molles
1810 1232 1919 1316 digiti

266 1332 396 1400 fuerunt
426 1340 541 1399 catena
563 1332 739 1418 serpentis!
789 1333 842 1398 Sic
864 1332 1029 1398 inimicum
1051 1333 1216 1417 publicum
1239 1332 1384 1399 vicerunt
1404 1354 1495 1399 arma
1517 1333 1644 1418 privata
1666 1342 1698 1401 et
1718 1335 1853 1420 plaudit
1877 1336 1915 1401 in

265 1436 363 1502 unius
396 1436 520 1523 praeda
555 1436 717 1520 generalis
751 1435 896 1502 victoria.
956 1437 1015 1519 [49)
1043 1436 1078 1502 Si
1108 1443 1290 1503 sanctorum
1320 1436 1460 1502 virorum
1489 1457 1530 1503 ex
1559 1437 1652 1503 iactis
1680 1437 1796 1504 merita
1824 1458 1915 1504 con-

266 1540 423 1624 ferantur,
456 1540 590 1606 miretur
612 1540 801 1605 Marcellum
825 1539 934 1604 Gallia
963 1539 1038 1604 dnm
1062 1540 1163 1605 Roma
1186 1539 1392 1621 Silvestrum,
1426 1539 1489 1605 nisi
1517 1541 1579 1606 hoo
1607 1540 1706 1607 distat
1731 1542 1765 1606 in
1789 1561 1908 1628 opere,
1938 1565 1973 1605 ιο

264 1642 351 1727 quod
383 1644 555 1709 draconem
578 1643 736 1727 sigillavit
756 1643 812 1709 ille
835 1643 895 1708 iste
918 1642 1060 1708 iactavit.
1108 1642 1174 1709 Sed
1196 1643 1268 1726 quis
1291 1643 1360 1709 eius
1382 1643 1539 1710 miracula
1559 1644 1669 1710 valeat
1689 1664 1749 1730 per
1769 1645 1914 1729 singula

267 1766 414 1813 sermone
444 1746 705 1832 conprehendere
735 1747 789 1812 vel
817 1765 895 1812 voce
925 1746 1085 1830 proferre,
1118 1752 1240 1829 quanta
1268 1746 1326 1812 ille
1356 1746 1470 1813 fecerit
1499 1754 1531 1812 et
1561 1747 1732 1828 celaverit,
1764 1767 1914 1816 cumea

267 1848 388 1935 scripta
417 1856 507 1933 sunt,
544 1870 627 1934 quae
650 1851 690 1916 de
712 1851 782 1937 ipsc
804 1857 885 1916 teste
907 1850 1026 1935 populo
1048 1850 1252 1915 claruerumt?
1300 1852 1360 1933 (50)
1388 1850 1448 1915 His
1470 1858 1613 1935 namque
1632 1851 1783 1936 operibus
1806 1871 1913 1920 sanc-

268 1953 412 2020 tissimus
434 1953 608 2019 Marcellus
633 1972 761 2038 semper
782 1954 941 2035 intentus,
976 1953 1219 2019 conversatione
1242 1953 1364 2035 clarus,
1399 1954 1670 2020 consummatione
1691 1955 1907 2040 praecipuus,

269 2056 466 2123 beatitudine
489 2057 658 2140 gloriosus,
686 2057 941 2123 remuneratione
965 2057 1098 2138 ditatus,
1124 2077 1196 2121 oum
1218 2062 1372 2141 perpetuo
1395 2055 1524 2123 domino
1540 2064 1741 2141 regnaturus,
1766 2057 1973 2126 vincensis

267 2159 380 2225 mundi
395 2161 589 2244 contagium,
616 2159 755 2226 mundus
771 2160 922 2243 migravit
936 2159 980 2225 ad
995 2159 1158 2226 Christum
1174 2159 1227 2225 die
1243 2159 1462 2225 Kalendarum
1477 2160 1716 2243 Novembrium,
1743 2170 1913 2246 regnante

268 2261 397 2330 domino
419 2269 528 2330 nostm
549 2264 624 2329 lesu
650 2261 787 2344 Christo,
814 2263 866 2329 oui
888 2270 938 2329 est
958 2263 1059 2329 honor
1082 2270 1114 2330 et
1135 2263 1240 2347 gloria
1260 2263 1294 2328 in
1317 2263 1449 2329 saecula
1471 2254 1681 2330 saecolorum.
1729 2265 1847 2331 Amen.

352 2537 426 2607 din]
443 2554 492 2589 om.
513 2540 536 2588 P
689 2541 834 2599 demergere
853 2541 882 2600 Ρ,
908 2545 934 2589 te
953 2540 1069 2601 demerge
1088 2540 1178 2589 Suriae
1335 2541 1450 2591 ⁴thallus
1469 2543 1559 2591 Suriae
1715 2542 1868 2592 saecutus
1891 2546 1917 2592 F

265 2625 283 2676 8
302 2632 390 2690 attens
408 2627 521 2689 serpenti
540 2627 563 2672 F
709 2622 747 2694 et]
765 2641 815 2676 om.
830 2627 919 2675 Suriae
1072 2625 1103 2675 10
1122 2628 1196 2687 gellia
1214 2627 1357 2676 marcellum
1374 2632 1404 2675 ut
1422 2640 1489 2676 roma
1508 2629 1530 2675 F
1666 2629 1820 2687 sylueetrum
1843 2628 1911 2692 tPJ:

271 2712 298 2762 V.
312 2713 339 2762 S.
356 2712 467 2761 salvatri
485 2716 552 2762 auct.
573 2711 689 2761 samam
707 2711 871 2773 Metuplruatc
889 2729 911 2763 e.
931 2716 948 2762 8
969 2712 1065 2776 (durius
1083 2718 1141 2762 tom.
1162 2712 1204 2776 VI,
1222 2727 1249 2773 p.
1266 2714 1341 2773 1061)
1448 2709 1512 2780 niel]
1529 2727 1586 2762 num
1605 2716 1628 2762 at
1647 2714 1670 2762 P
1793 2712 1822 2764 11
1845 2714 1914 2784 sed]

266 2800 289 2847 si
308 2798 332 2846 P
447 2796 478 2848 12
497 2794 535 2864 et]
554 2811 582 2846 ea
602 2799 624 2845 F
740 2798 770 2847 13
790 2801 843 2848 slnt
861 2801 884 2846 F
998 2800 1029 2849 id
1048 2800 1131 2849 clarus
1149 2797 1373 2867 consummatione]
1391 2814 1438 2849 osu.
1456 2799 1477 2846 F
1600 2799 1630 2849 15
1649 2800 1748 2849 dotatus
1767 2799 1815 2863 1⁹¹,
1836 2816 1911 2853 corr.

268 2883 300 2933 16
318 2886 433 2947 contagia
450 2887 474 2934 F
606 2884 636 2933 17
656 2880 744 2951 honor]
762 2901 811 2935 cm.
826 2884 850 2932 P
968 2882 1056 2952 gloria]
1074 2900 1131 2935 curn
1149 2893 1220 2949 putre
1238 2902 1252 2936 e
1270 2887 1318 2949 spu
1336 2900 1376 2936 sco
1393 2886 1453 2936 cdd.
1467 2888 1498 2949 F,
1518 2893 1543 2935 ct
1562 2888 1646 2937 uinus
1664 2894 1690 2936 et
1707 2892 1820 2949 potestus
1839 2889 1911 2941 aad.

266 2971 358 3020 durius
461 2969 500 3039 ln]
519 2984 565 3034 per
582 2978 671 3019 cuncte
688 2969 777 3019 Suriae
