4374 6186
797 401 890 459 VITA
909 404 938 460 S.
959 401 1119 457 MARTINI
1138 403 1209 457 LIB.
1230 403 1253 458 Ι.

545 614 585 659 en
609 594 713 660 subito
736 593 890 662 Martinus
912 591 1007 659 adest
1027 591 1082 674 qni
1106 590 1210 657 defuit
1231 592 1360 657 absens.

544 718 619 764 ecce
642 697 726 764 redit
747 697 869 781 pietas,
896 695 979 761 redit
1001 701 1033 759 et
1055 694 1150 759 simul
1173 715 1246 787 arra
1269 695 1394 760 salutis.

544 821 621 884 ergo
644 800 698 866 ubi
721 798 889 884 conspexit
910 797 1053 882 gelidum
1076 798 1117 863 de
1140 798 1230 864 febre
1254 797 1407 879 cadaver,

544 904 600 970 flet
621 904 721 987 gemit
743 902 880 968 accurrit
901 900 989 966 dolet
1012 900 1134 966 beiuiat
1157 901 1258 967 uritur
1278 901 1385 985 angit,

465 1029 472 1066 r
544 1007 789 1092 concipiensque
812 1003 908 1070 fidem
931 1005 1014 1069 celia
1036 1023 1147 1069 omnes
1167 1004 1262 1070 iussit
1283 1005 1372 1070 abire

543 1109 743 1192 exclusitque
765 1107 842 1172 foris
865 1106 1004 1188 iuribus,
1031 1106 1099 1171 sine
1122 1114 1204 1172 teste
1228 1107 1377 1186 relictus;

543 1219 609 1277 tum
633 1230 729 1296 super
750 1209 889 1293 algentis
912 1227 1026 1294 corpus
1048 1208 1256 1293 prosternitur
1278 1210 1413 1292 ardens,

542 1314 659 1380 iudicis
682 1319 828 1394 exactor,
854 1317 1020 1378 revomant
1042 1318 1077 1376 ut
1098 1313 1235 1377 Tartara
1258 1312 1414 1378 functum.

541 1419 666 1484 interea
687 1416 826 1500 geminis
849 1415 954 1500 spatio
976 1422 1156 1480 remorante
1180 1417 1239 1481 sub
1263 1416 1350 1481 horis

542 1541 616 1587 ecce
640 1520 723 1585 redit
744 1519 863 1600 iacies,
890 1518 1009 1583 saliunt
1030 1537 1089 1601 per
1110 1519 1253 1583 membra
1274 1539 1429 1602 vapores,

543 1629 608 1688 stat
629 1623 724 1688 rubor
745 1621 821 1686 inde
844 1620 954 1703 genis,
980 1621 1090 1685 oculos
1112 1619 1237 1704 pupilla
1259 1621 1415 1706 repingit,

542 1745 651 1791 mrsus
674 1732 707 1790 et
726 1724 867 1789 insertus
889 1730 1022 1788 renovat
1045 1723 1226 1807 specularia
1247 1724 1353 1806 visus,

542 1849 625 1894 vena
647 1834 748 1893 tumet
769 1826 846 1891 rivis
868 1825 1009 1890 animato
1031 1825 1118 1890 fonte
1141 1826 1273 1890 cruoris.

542 1931 698 2016 paulatim
720 1929 867 2013 adsurgit
888 1928 1012 1993 fabrica
1032 1928 1191 1995 titubante
1213 1931 1362 1994 columna

543 2035 737 2118 erigiturque
760 2034 870 2098 iacens
892 2032 1011 2117 pariter
1033 2031 1146 2096 domus
1168 2040 1201 2096 et
1223 2051 1301 2096 suus
1323 2031 1459 2116 hospes,

542 2138 613 2221 ipse
636 2138 750 2202 iterum
774 2144 846 2221 post
867 2155 902 2200 se
925 2135 1055 2216 vivens,
1081 2133 1167 2198 idem
1190 2141 1301 2200 auctor
1323 2144 1355 2200 et
1376 2136 1482 2200 heres.

542 2241 597 2324 qui
619 2238 783 2306 redivivus
806 2237 852 2303 ait
874 2257 909 2303 se
931 2237 1049 2303 iudicis
1072 2244 1146 2303 ante
1169 2237 1309 2302 tribunal

542 2344 670 2408 ductum
694 2341 928 2424 damnandum,
954 2341 1090 2406 Martino
1112 2348 1223 2406 orante
1245 2339 1422 2406 reductum.

628 2444 774 2529 Lapicini
797 2444 926 2509 demum
949 2443 1095 2508 celerans
1118 2444 1194 2508 dnm
1216 2444 1369 2528 praeterit
1391 2464 1523 2528 agrum,

464 2573 469 2580 “
543 2549 701 2633 conperit,
727 2548 807 2629 heu,
833 2547 990 2612 famulum
1013 2546 1136 2612 crudeli
1158 2546 1269 2613 funere
1292 2553 1435 2631 raptum,

542 2651 692 2718 elidendo
715 2670 808 2715 suum
830 2649 900 2715 fera
921 2669 979 2734 per
1001 2649 1178 2733 suspendia
1199 2650 1335 2731 collum,

542 2755 741 2838 accessitque
764 2752 819 2818 ubi
841 2752 888 2817 sic
910 2752 995 2816 male
1017 2752 1160 2837 pendula
1181 2753 1302 2837 praeda
1323 2752 1466 2835 iacebat,

542 2857 666 2942 expulit
687 2856 762 2921 binc
784 2861 931 2936 cunctos,
958 2853 1046 2919 solus
1069 2854 1164 2920 solita
1185 2875 1277 2919 arma
1298 2856 1476 2939 requirens.

540 2960 685 3026 incubuit
707 2978 804 3043 super
825 2957 983 3023 exanimis
1005 2957 1161 3042 pallentia
1182 2959 1342 3040 membra,

542 3072 574 3130 et
595 3064 711 3149 premit
732 3082 808 3127 arca
829 3061 913 3126 sacri
935 3062 1019 3126 bunc
1041 3082 1081 3127 ne
1103 3068 1227 3145 premat
1249 3081 1324 3127 arca
1346 3061 1518 3146 sepulchri.

542 3189 616 3233 mox
637 3173 745 3232 tamen
768 3185 823 3230 ore
845 3184 972 3249 precem
995 3171 1029 3230 ut
1051 3165 1189 3230 viventis
1211 3164 1300 3231 misit
1320 3165 1353 3229 in
1376 3185 1503 3244 aurem,

207 3391 263 3423 cum
282 3377 457 3438 pertriduum
476 3376 614 3433 defuisset,
641 3388 768 3433 regressus
785 3375 902 3422 exanime
919 3386 1008 3435 corpus
1026 3373 1138 3423 invenit:
1165 3375 1201 3422 ita
1217 3376 1301 3423 sublta
1319 3375 1495 3436 meminerat,
1522 3380 1552 3422 ut
1569 3376 1662 3437 absque
1680 3379 1830 3439 baptismate

207 3463 324 3510 humanis
343 3464 418 3509 rebus
437 3461 578 3509 excederet.
616 3474 704 3521 corpus
728 3460 756 3506 in
782 3458 862 3506 medic
885 3460 993 3520 positum
1015 3459 1084 3505 tristi
1107 3461 1272 3507 maerentium
1296 3461 1400 3507 fratrum
1424 3461 1629 3521 frequentabatur
1651 3461 1747 3523 officio,
1772 3477 1829 3510 cum

206 3548 328 3595 Martinus
341 3549 403 3596 fleus
417 3553 442 3595 et
455 3547 552 3596 eiulans
566 3547 680 3595 accurrit.
721 3544 754 3607 (3)
776 3549 830 3592 turn
849 3558 906 3592 vero
923 3549 975 3591 tota
993 3550 1108 3591 sanctum
1123 3545 1240 3605 spiritum
1253 3550 1337 3593 mente
1355 3547 1546 3607 concipiens
1564 3546 1646 3606 egredi
1658 3547 1780 3608 cellulam,
1802 3549 1829 3596 in

207 3647 255 3694 qua
274 3647 362 3694 eorpus
380 3634 491 3694 iacebat,
518 3637 611 3681 ceteros
628 3633 714 3691 lubet,
740 3644 768 3678 ac
786 3630 881 3677 foribus
899 3630 1019 3677 obseratis
1037 3643 1113 3690 super
1130 3632 1270 3678 exanimata
1288 3632 1401 3679 defuncti
1419 3632 1505 3679 fratris
1522 3633 1632 3680 membra
1652 3634 1828 3694 prosternitur.

206 3723 232 3765 et
255 3732 312 3766 cnm
337 3719 492 3780 aliquamdiu
516 3721 619 3766 orationi
638 3717 795 3765 incubuisset
814 3716 987 3775 sensissetque
1006 3729 1051 3776 per
1069 3717 1187 3778 spiritum
1204 3717 1299 3764 domini
1317 3718 1403 3765 adesse
1421 3719 1558 3778 virtutem,
1583 3725 1679 3768 erectus
1697 3719 1829 3782 paululum

206 3809 232 3850 et
255 3805 281 3851 in
307 3805 420 3852 defuncti
445 3819 485 3852 ora
504 3804 616 3864 defixus,
642 3803 761 3852 orationis
785 3816 845 3850 suae
866 3815 894 3848 ac
916 3801 1101 3850 misericordiae
1124 3803 1218 3851 domini
1241 3803 1384 3865 intrepidus
1408 3805 1556 3866 expectabat
1579 3810 1712 3855 eventum:
1738 3807 1830 3866 vixque

205 3888 311 3937 duarum
331 3892 383 3938 fere
402 3890 516 3937 horarum
535 3892 645 3952 spatium
663 3891 846 3949 intercesserat,
868 3888 938 3935 videt
956 3888 1102 3936 defunctum
1120 3889 1242 3951 paulatim
1261 3889 1379 3936 membris
1397 3891 1513 3937 omnibus
1531 3891 1678 3938 commoveri
1695 3895 1722 3938 et
1738 3890 1829 3938 laxatis
1913 3937 1916 3940 ,

204 3976 232 4022 in
251 3989 327 4023 usum
345 3976 446 4023 videndi
466 3976 585 4037 palpitare
603 3976 749 4023 luminibus.
792 3974 824 4036 (fl
845 3980 900 4021 tum
917 3986 975 4022 vero
992 3987 1082 4034 magna
1100 3974 1130 4022 ad
1149 3974 1277 4022 dominum
1295 3988 1353 4022 voce
1371 3987 1504 4022 conversus
1522 3975 1613 4033 gratias
1625 3989 1701 4036 agene
1713 3976 1829 4024 sellulam

205 4060 311 4108 clamore
330 4062 505 4122 scripteverat:
526 4076 575 4123 quo
593 4061 678 4109 audito
696 4062 740 4121 qui
759 4061 914 4122 proforibus
932 4059 1083 4108 adstiterunt
1100 4060 1185 4108 statim
1203 4062 1319 4108 inruunt.
1358 4061 1449 4108 mirum
1467 4061 1652 4122 spectaculum,
1673 4061 1738 4122 quod
1756 4060 1829 4108 vide-

205 4149 266 4194 bant
285 4148 381 4207 vivere,
404 4163 478 4209 quern
497 4155 622 4196 mortuum
641 4148 812 4209 reliquissent.
852 4147 885 4206 (6)
907 4148 943 4193 ita
962 4145 1076 4194 redditus
1094 4147 1173 4203 vitae,
1201 4147 1286 4194 atatim
1304 4148 1457 4208 baptismum
1474 4152 1623 4195 consecutus
1641 4146 1726 4208 plures
1743 4152 1830 4208 postea

206 4233 271 4280 vixit
290 4247 378 4295 arrnos,
399 4235 544 4294 primusque
563 4233 629 4295 apud
647 4247 692 4281 nos
708 4231 809 4279 Martini
828 4232 949 4279 virtutum
968 4232 1008 4279 vel
1027 4233 1129 4279 materia
1147 4232 1187 4280 vel
1205 4232 1378 4280 testimouium
1396 4234 1454 4281 fuit.
1496 4233 1527 4295 (c)
1550 4233 1616 4288 idern
1635 4238 1718 4281 tamen
1736 4234 1831 4282 referre

205 4324 261 4365 erat
278 4320 373 4379 solitus,
396 4333 422 4366 se
441 4333 540 4380 corpore
557 4326 662 4366 exutum
681 4317 711 4366 ad
732 4318 842 4366 tribunal
861 4317 953 4365 iudicis
972 4317 1074 4365 ductum
1094 4317 1316 4379 deputandumque
1334 4319 1446 4367 obscuris
1463 4318 1524 4368 locis
1542 4324 1568 4367 et
1584 4319 1730 4380 vulgaribus
1748 4319 1830 4367 turbis

206 4406 304 4452 tristem
324 4406 453 4465 excepisse
472 4406 634 4452 sententiam:
663 4411 716 4452 turn
741 4418 785 4465 per
807 4403 869 4451 duos
892 4405 992 4465 angelos
1014 4404 1093 4451 iudici
1115 4405 1193 4452 fuisse
1215 4410 1376 4464 suggestum,
1402 4404 1470 4454 bunc
1492 4419 1548 4455 esse
1570 4419 1615 4468 pro
1638 4418 1688 4468 quo
1705 4405 1829 4453 Martinus

207 4495 303 4538 oraret:
326 4491 361 4536 ita
380 4503 424 4550 per
442 4490 539 4538 eosdem
559 4490 659 4550 angelos
676 4504 704 4537 se
721 4491 817 4537 iussum
836 4489 920 4537 reduci
939 4494 965 4537 et
982 4488 1089 4537 Martlno
1107 4489 1232 4537 redditum
1250 4491 1367 4552 vitaeque
1384 4491 1506 4552 pristinae
1525 4493 1680 4542 restitutum.

274 4578 300 4632 8,
324 4578 334 4620 l
362 4574 413 4623 Nec
431 4574 509 4621 multo
528 4582 596 4637 post,
624 4576 684 4623 dum
702 4589 786 4635 agrum
807 4576 925 4637 Lapicini
943 4574 1071 4622 cuiusdam
1089 4575 1203 4623 bonorati
1221 4576 1360 4623 secuudum
1378 4577 1506 4624 saeculum
1523 4578 1570 4624 viri
1592 4578 1751 4640 praeteriret,
1778 4577 1831 4624 cla·

206 4673 273 4709 more
293 4666 319 4707 et
337 4660 407 4706 luctu
426 4660 514 4707 turbae
532 4661 676 4721 plangentis
694 4662 829 4722 excipitur.
871 4662 903 4722 (9)
925 4659 955 4707 ad
974 4673 1049 4721 quam
1066 4674 1123 4708 cum
1141 4661 1264 4710 subtritus
1282 4661 1422 4710 adstitisset
1439 4666 1465 4711 et
1482 4663 1540 4723 quis
1558 4666 1626 4711 esset
1642 4662 1684 4710 bic
1702 4663 1777 4711 batus
1789 4664 1830 4711 iu·

278 5002 322 5051 161
344 5005 459 5051 defuerat
477 4999 523 5060 1²⁹,
545 5004 627 5050 fuerat
648 5003 669 5047 N
776 5002 823 5051 162
843 5004 918 5050 simui
938 5009 964 5051 et
982 5002 1219 5061 reductorem,
1236 5005 1257 5051 F
1361 5003 1408 5053 163
1427 5005 1572 5067 conspecxit
1591 5004 1614 5052 N
1715 5006 1829 5067 genitum

209 5089 311 5137 811118
426 5088 473 5137 iot
493 5089 588 5137 belulet
607 5087 672 5147 1118,
692 5089 774 5136 ululat
793 5089 816 5135 N
836 5090 939 5147 [belulat
956 5090 1020 5149 arft.)
1139 5088 1186 5138 165
1205 5091 1413 5153 conspiciensque
1431 5089 1536 5139 811118
1639 5090 1726 5139 cellam
1744 5106 1830 5140 omnes

209 5175 264 5237 tit,
292 5175 381 5222 cellula
399 5188 485 5223 omnes
509 5175 536 5232 T,
562 5188 648 5222 omnes
666 5175 797 5222 cellulaF
917 5174 964 5223 166
984 5175 1154 5237 enciussitque
1174 5176 1197 5222 N
1320 5175 1365 5225 167
1386 5181 1448 5224 tunc
1468 5176 1509 5238 (Τ)
1635 5175 1682 5226 168
1701 5186 1831 5226 remouant

208 5261 349 5323 NTilcorr.
367 5256 460 5321 Τ1)Ρ1
566 5259 613 5307 iifl
631 5261 744 5309 saliuunt
763 5261 787 5306 N
891 5260 1032 5321 uaporisP
1146 5260 1189 5310 171
1211 5267 1262 5310 stat
1279 5260 1363 5329 rubor]
1382 5262 1438 5309 aeli
1450 5263 1523 5310 rubor
1540 5265 1575 5309 sic
1594 5263 1617 5309 N
1722 5262 1770 5311 172
1789 5267 1830 5312 ln·

207 5354 294 5395 sertus
313 5345 343 5393 P¹
357 5359 419 5394 corr.
437 5344 475 5407 81,
496 5346 605 5392 inferius
625 5343 653 5390 11
787 5344 834 5393 176
853 5347 1011 5406 ereglturque
1032 5347 1053 5393 Τ
1183 5361 1255 5410 ospes
1276 5348 1299 5395 N
1433 5347 1481 5396 tro
1499 5349 1572 5396 uisne
1592 5347 1638 5408 111,
1660 5350 1767 5396 ueniens
1786 5348 1831 5397 Bb

210 5434 256 5482 177
277 5433 413 5480 redeuiuus
434 5430 476 5477 ΡΝ
581 5429 715 5479 179-197
734 5444 781 5480 om.
805 5432 829 5479 Ν
848 5431 880 5492 (o.
901 5430 935 5478 od
947 5447 970 5480 u.
987 5434 1043 5491 m)
1154 5431 1591 5493 17911M,11r‚apas.vac.s
1694 5433 1741 5483 180
1762 5435 1832 5496 (eon-

207 5521 272 5582 perit
292 5518 330 5576 11)
454 5515 498 5564 181
520 5516 659 5578 conpendia
679 5514 716 5562 1³²
833 5516 881 5566 182
899 5514 947 5583 sic]
965 5523 1025 5566 tunc
1045 5519 1066 5564 F
1179 5520 1243 5568 male
1262 5516 1363 5584 PFBL]
1381 5520 1445 5566 mala
1465 5520 1533 5569 TNS
1649 5518 1697 5569 183
1715 5519 1830 5589 cunctos]

206 5612 294 5653 cantus
314 5603 369 5651 811
474 5602 667 5662 requaerensf'
775 5601 821 5652 tel
839 5604 992 5652 exanimid'
1096 5603 1143 5654 185
1162 5618 1194 5654 ne
1212 5610 1309 5667 premat
1328 5601 1418 5672 1181]
1436 5619 1468 5654 ue
1486 5607 1578 5668 primat
1596 5605 1708 5665 PFBlif,
1735 5621 1766 5654 ne
1785 5608 1829 5657 de·

209 5691 335 5757 primatS
442 5687 489 5738 186
509 5689 627 5735 uiuentes
646 5685 677 5735 ΡΙ
