4374 6186
680 418 852 476 versum
869 419 1090 478 roervusur
1108 405 1309 476 oasmuvrr
1327 421 1399 476 om.
1420 420 1500 476 vrrr.

1057 781 1122 846 XX

700 919 759 993 Ad
786 920 937 995 eundem
964 921 1165 1017 precatoria
1190 944 1255 1017 pro
1281 920 1360 1017 ipso
1386 943 1475 1016 agro

609 1087 752 1154 Munifioi
774 1109 928 1176 reparans
950 1089 1080 1156 Martini
1102 1096 1213 1173 gesta,
1241 1089 1393 1174 Gregom,

695 1192 777 1259 texit
798 1200 834 1259 ut
854 1193 911 1260 ille
933 1193 1046 1259 habitu
1069 1213 1127 1259 nos
1149 1193 1210 1259 alis
1232 1193 1302 1278 ipse
1325 1193 1406 1259 cibo.

610 1294 788 1381 discipulus
810 1295 973 1381 plaoidum
996 1296 1127 1381 sapiens
1148 1295 1304 1361 imitando
1327 1294 1515 1380 magistrum

695 1399 751 1465 ille
774 1398 830 1465 ubi
853 1398 918 1464 dux
940 1399 1062 1465 residet
1082 1399 1176 1464 miles
1199 1398 1334 1464 habebis
1357 1418 1463 1483 opem.

610 1508 645 1567 ut
666 1501 871 1586 chlamydem
894 1502 950 1568 ille
972 1501 1079 1587 prius,
1106 1502 1152 1567 sio
1173 1509 1208 1567 tu
1230 1501 1359 1586 partiris
1382 1501 1542 1584 agelium,

695 1605 751 1670 ille
775 1604 915 1688 tegendo
937 1611 1052 1690 potens
1074 1610 1172 1686 tuque
1194 1604 1332 1671 fovendo
1354 1603 1489 1686 decens,

608 1707 663 1772 iile
683 1708 813 1792 inopem
835 1708 1002 1790 antiquum
1025 1709 1190 1791 relevans,
1216 1715 1266 1790 tu,
1293 1728 1384 1791 oare,
1410 1708 1589 1774 novellum:

694 1810 730 1876 tit
752 1810 845 1876 dives
868 1811 982 1877 merito
1005 1831 1149 1897 paupere
1171 1811 1307 1895 quisque
1329 1832 1398 1877 suo.

609 1914 737 1995 quando
760 1921 961 1998 reposcetur,
988 1914 1104 1980 vestris
1126 1914 1209 1980 redit
1230 1914 1343 1980 usibus
1365 1935 1477 1980 arvum

696 2022 729 2082 et
751 2015 879 2081 domino
901 2015 1029 2101 proprio
1051 2016 1255 2082 restituemus
1277 2036 1402 2099 agrum.

609 2118 694 2184 unde
717 2119 844 2203 amplas
867 2118 970 2184 refero
992 2125 1116 2204 grates,
1144 2118 1329 2185 dulcissime
1352 2126 1471 2202 reotor,

694 2228 727 2287 et
749 2229 858 2306 repeto
881 2241 1029 2307 pangens
1050 2222 1149 2305 haeo,
1176 2230 1248 2304 tua,
1274 2228 1400 2307 pastor,
1426 2221 1505 2286 ovis.

608 2331 812 2390 sectantum
835 2323 934 2390 reddo
956 2331 1110 2407 quantum
1133 2324 1191 2390 tibi
1213 2324 1332 2406 debeo,
1359 2323 1506 2409 praesui:

695 2448 751 2513 pro
774 2429 948 2494 Fortunato
971 2427 1046 2511 sed,
1073 2447 1165 2511 rogo,
1192 2426 1285 2493 flecte
1309 2426 1415 2493 deum.

1045 2701 1125 2767 XXI

701 2839 759 2913 Ad
787 2839 938 2915 eundem
965 2863 1030 2938 pro
1056 2840 1212 2938 pellibus
1239 2839 1460 2914 transmissis

606 3010 747 3095 Egregio
769 3016 925 3095 oonpaota
946 3009 1027 3092 situ,
1053 3009 1191 3076 falerata
1212 3016 1315 3075 rotatu

692 3122 790 3198 atque
813 3113 990 3198 Sophooleo
1012 3113 1133 3198 pagina
1154 3114 1237 3180 fulta
1258 3112 1359 3198 sopho

606 3236 657 3283 me
679 3224 822 3283 arentem
845 3224 951 3283 vestro
973 3215 1147 3282 madefecit
1168 3216 1275 3300 opima
1296 3216 1419 3299 rigatu,

691 3319 767 3386 feeit
788 3326 821 3386 et
842 3319 969 3403 eloquio
991 3319 1076 3403 quod
1098 3320 1209 3401 loquor
1230 3339 1303 3385 esse
1325 3324 1391 3384 tuo.

539 3440 551 3477 o
605 3422 709 3488 duleis
731 3443 806 3489 oare
828 3422 946 3488 decens
968 3422 1107 3488 facunde
1129 3422 1268 3506 benigne
1291 3420 1429 3503 Gregori

691 3532 786 3607 atque
809 3531 902 3612 pater
924 3524 1062 3609 patriae,
1088 3524 1163 3590 hino
1185 3544 1292 3607 sacer,
1317 3523 1393 3590 inde
1415 3529 1503 3603 oate,

605 3627 806 3710 muneribus,
832 3627 971 3709 meritis,
997 3626 1114 3692 animis
1135 3634 1168 3693 et
1188 3627 1330 3693 moribus
1352 3625 1482 3708 aequis,

691 3730 839 3796 omnibus
861 3730 977 3796 officiis
999 3729 1083 3796 unde
1106 3729 1222 3795 oolaris
1244 3730 1386 3795 habens:

604 3854 656 3900 mo
678 3834 888 3900 Fortunatam
910 3833 968 3899 tibi
990 3833 1077 3898 celso
1100 3840 1205 3899 eterno
1227 3831 1396 3917 pusillum,

690 3935 877 4001 commendo
899 3941 932 4002 et
953 3942 1026 4001 voto
1048 3935 1193 4019 supplice
1214 3934 1275 4000 rite
1297 3942 1403 4014 tuum3

605 4038 656 4103 oui
678 4039 737 4104 das
760 4039 846 4105 unde
868 4038 930 4105 sibi
952 4037 1067 4104 talaria
1088 4038 1189 4103 missa
1211 4038 1353 4120 ligentur

690 4142 829 4226 pellibus
852 4149 885 4208 et
905 4141 1010 4208 niveis
1032 4140 1096 4206 sint
1119 4142 1188 4206 sola
1209 4148 1294 4207 teoto
1315 4141 1420 4226 pedis.

604 4264 661 4328 pro
682 4245 799 4326 quibus
822 4265 842 4310 a
865 4244 992 4311 domino
1014 4243 1108 4309 detur
1129 4244 1212 4309 stola
1234 4243 1374 4308 eandida
1396 4243 1502 4310 vobis:

690 4347 746 4430 qui
768 4347 852 4414 datia
875 4348 935 4414 hoo
956 4346 1114 4429 minimis,
1140 4345 1215 4413 inde
1237 4346 1348 4413 feratis
1370 4365 1460 4432 opes.

338 4608 388 4657 XX
457 4611 496 4657 tu.
516 4622 564 4658 om.
582 4608 602 4656 0
695 4623 718 4656 o.
738 4622 761 4657 e.
782 4608 866 4657 om.L
964 4605 1219 4656 ranemundus
1319 4607 1329 4656 1
1351 4607 1494 4668 martynid
1590 4605 1721 4666 seyme
1818 4607 1833 4657 3
1852 4623 1891 4658 sa·

268 4695 342 4757 piens
360 4694 484 4758 placidum
502 4694 524 4741 L
637 4694 811 4756 irenreut»,
832 4693 927 4742 resedit
947 4693 1006 4740 cml
1118 4693 1222 4742 habibes
1241 4692 1279 4741 Ml
1393 4693 1407 4742 5
1427 4690 1592 4760 chlmydem]
1610 4694 1734 4742 elamitem
1753 4693 1785 4758 D,
1806 4696 1892 4745 alami-

268 4780 326 4829 dom
342 4781 397 4830 rell.
515 4782 621 4842 parturis
639 4780 669 4843 B,
690 4782 802 4842 parturis
822 4778 864 4840 0¹,
884 4781 989 4841 pergitis
1006 4779 1040 4841 D,
1061 4780 1151 4842 potiris
1172 4779 1192 4825 0
1311 4777 1325 4826 Ἰ
1344 4780 1446 4842 inopem
1463 4781 1598 4841 antiquum
1616 4776 1651 4847 B]
1667 4793 1740 4842 opem
1758 4782 1891 4844 antiquum
1909 4833 1914 4844 ,

266 4866 319 4915 rell.
342 4867 398 4929 (ope
416 4863 459 4928 L2)
574 4867 589 4916 8
608 4863 727 4932 quiaque]
744 4880 793 4928 que
811 4865 858 4914 Ac
878 4866 913 4923 (to
931 4864 959 4911 Μ
975 4868 1083 4926 spatium
1101 4866 1117 4912 5
1135 4867 1271 4913 litteromm
1289 4868 1355 4926 ortte,
1375 4867 1450 4914 onias
1464 4870 1521 4926 post
1538 4866 1603 4928 quis)
1717 4864 1733 4914 9
1751 4869 1891 4930 reposcitur

267 4952 338 5001 Aoo
442 4949 542 5019 aruum]
562 4966 648 5013 agrum
667 4953 690 4999 L
796 4950 823 5000 11
845 4951 950 4999 referam
970 4951 992 4998 R
1094 4949 1187 5000 subeor.
1208 4966 1231 5000 v.
1252 4964 1300 4999 xlv
1319 4950 1388 4999 AOD

336 5038 397 5087 xx1
466 5040 504 5086 m.
525 5051 573 5088 om.
594 5038 614 5084 C
726 5036 737 5086 1
761 5038 889 5100 [conpacta
906 5034 1011 5098 AOMG)
1125 5037 1228 5085 tolerata
1247 5035 1294 5099 M1,
1315 5035 1427 5085 falerata
1444 5036 1467 5083 B
1578 5036 1725 5100 2sopooleo
1742 5038 1775 5101 D,
1796 5039 1889 5101 sopho·

266 5124 351 5186 olepeo
376 5122 459 5171 ΛΟΜ1
599 5123 614 5172 3
639 5128 753 5172 uestrum
777 5122 814 5172 M¹
952 5122 1087 5172 madefacit
1105 5122 1128 5169 Α
1265 5120 1282 5170 4
1306 5129 1366 5184 quot
1388 5123 1453 5171 looor
1478 5121 1498 5170 0
1636 5122 1666 5174 13
1689 5123 1771 5172 sthols
1793 5121 1891 5173 AOMB

269 5207 299 5258 14
318 5205 390 5276 inde]
407 5210 475 5259 unde
492 5210 564 5260 codd.
670 5208 762 5259 subscr.
783 5224 807 5259 r.
828 5222 876 5257 xru
896 5207 969 5256 CMD

334 5308 456 5344 sxrucrr
473 5309 553 5344 amsa
570 5309 629 5358 vrrr,
651 5308 753 5343 mcum
771 5308 850 5342 mssa
867 5308 896 5343 rx
918 5292 1048 5356 MDGBB,
1070 5306 1171 5342 morrrr
1189 5307 1213 5343 r..
1235 5307 1264 5342 11
1287 5293 1311 5356 O,
1333 5306 1456 5343 sxrmcrr
1474 5309 1500 5343 ι..
1520 5307 1577 5357 vm,
1598 5293 1685 5343 deinde
1702 5295 1805 5358 wmarus
1823 5293 1889 5344 Pm-

265 5381 343 5430 denso
360 5382 460 5431 cautem.
485 5385 524 5441 12,
544 5383 673 5441 ott—rto,
694 5379 781 5430 deinde
798 5394 900 5429 morum
918 5393 942 5429 u.
963 5394 992 5428 rx
1011 5382 1042 5444 A,
1063 5393 1142 5428 mmm
1159 5393 1209 5429 um
1227 5393 1356 5443 rxrarcrr,
1378 5380 1466 5429 deiude
1483 5382 1591 5442 capitulo
1609 5381 1666 5430 libri
1683 5382 1731 5442 IX,
1750 5379 1839 5430 deindo
1856 5383 1890 5430 u-

265 5469 333 5517 talia
351 5467 407 5516 libri
425 5469 465 5516 11
480 5472 509 5517 at
525 5471 639 5529 priorum
657 5466 679 5515 L

924 5671 1232 5679 —————--
