4374 6186
682 400 796 456 LIBER
814 399 865 454 DE
883 396 1118 453 VIRTVTIBVS
1137 391 1449 452 616661666666.
1859 397 1878 459 7

252 594 388 659 bostium
418 598 644 678 propugnator.
693 589 793 655 Cuius
816 588 902 654 dicta
924 587 980 670 661
1002 585 1118 669 legerit
1139 605 1202 650 non
1224 584 1326 651 credit
1349 583 1455 651 dicere
1478 583 1537 650 sed
1558 589 1679 650 tonare.
1727 583 1796 650 Hoc
1817 581 1881 652 fuit

251 698 335 763 ultra
351 695 495 761 homines
511 695 625 780 sapere
641 701 706 760 tam
723 691 872 758 6661616
889 691 1044 775 religione
1059 708 1201 756 censere.
1254 690 1315 774 (52)
1343 687 1410 755 Sed
1429 687 1483 770 qui
1499 688 1568 754 vult
1582 687 1686 772 ipsum
1703 706 1877 771 agnoscere
1899 688 1960 754 XV

251 801 320 867 eius
343 800 442 866 exilia
463 805 632 881 memoret,
666 796 781 863 merita
804 794 970 881 respiciat,
1001 793 1166 859 volumina
1189 792 1327 876 relegat,
1354 793 1441 859 dicta
1463 791 1657 877 perpendat,
1685 791 1779 875 signa
1801 791 1880 858 coti-

252 904 350 970 diana
379 909 578 987 percenseat.
626 901 689 980 Qui
718 899 792 964 dum
824 896 981 983 superetis
1010 896 1070 962 fuit
1099 896 1132 961 in
1161 897 1290 962 saeculo
1312 902 1369 961 ant
1390 895 1519 980 scripsit
1541 895 1778 961 ecclesiasticae
1800 894 1878 961 fidei

218 1029 231 1068 s
250 1008 459 1089 documenta,
492 1011 548 1071 ant
575 1003 750 1091 pugnando
773 1000 910 1068 calcarit
932 1000 1096 1066 haeretica
1118 1000 1268 1082 crimina,
1301 1005 1357 1064 aut
1379 998 1499 1082 petenti
1521 997 1632 1064 tribuit
1654 998 1877 1065 miraculorum

250 1110 423 1193 suffragia:
448 1128 530 1193 6666
552 1109 681 1174 6616616
704 1106 832 1172 domino
855 1124 956 1187 usque
978 1104 1013 1168 in
1035 1103 1222 1169 hodicmnm
1244 1102 1330 1167 diem
1353 1102 1423 1169 eins
1446 1101 1640 1168 orationibus
1656 1109 1875 1187 perseverant.

253 1216 315 1298 153)
343 1213 408 1280 Sed
431 1233 503 1279 mea
525 1212 638 1295 lingua
660 1230 723 1276 non
746 1209 865 1275 sufficit
888 1208 1017 1291 singula
1039 1206 1079 1272 de
1102 1213 1213 1272 sancto
1237 1205 1352 1291 spiritu
1374 1206 1430 1288 qui
1451 1226 1509 1289 per
1527 1226 1600 1272 eum
1617 1213 1649 1272 ei
1663 1213 1814 1291 operatus
1829 1214 1879 1274 est

249 1324 282 1383 et
302 1318 443 1400 locutus,
470 1317 553 1382 sicut
572 1314 622 1381 illi
643 1314 776 1397 dignum
799 1319 866 1392 esi,
893 1317 1006 1377 666616
1027 1310 1180 1395 proferre.
1227 1309 1291 1375 Det
1312 1309 1390 1374 mibi
1413 1309 1487 1393 pius
1510 1308 1652 1392 veniam,
1679 1310 1754 1395 quia
1775 1312 1878 1377 multa
1899 1311 1976 1376 XVI

249 1420 399 1504 praeterii
422 1419 477 1503 qui
500 1418 555 1485 vix
576 1438 680 1504 pauca
702 1415 886 1500 conscripsi.
939 1415 999 1498 (54]
1027 1415 1077 1479 116
1098 1413 1304 1478 beatissimus
1324 1413 1466 1478 Hilarius
1490 1413 1530 1478 de
1553 1414 1732 1499 praesentis
1755 1414 1878 1481 saeculi

201 1523 316 1589 (66116
337 1543 408 1589 cum
431 1522 536 1606 gloria
557 1520 708 1605 migravit
729 1520 772 1586 ad
796 1518 958 1586 Christum
980 1525 1065 1584 terra
1087 1517 1242 1602 plorante,
1269 1518 1359 1583 caelo
1381 1516 1554 1601 gaudente.

505 1927 665 2026 LIBER
696 1928 768 2025 DE
801 1924 1134 2024 vlntvtlssvs
1167 1923 1618 2024 6166666166.

338 2147 378 2230 (t)
406 2145 546 2209 Domino
570 2159 698 2208 666666
720 2160 764 2205 nr
786 2158 925 2206 nnnrrrs
946 2157 1147 2206 6666666666
1161 2159 1262 2206 66666
1278 2141 1473 2205 Ρ666666666
1488 2159 1597 2205 aaran
1611 2161 1656 2206 66
1671 2162 1708 2209 nr
1724 2145 1875 2213 Cnnrsro
1897 2148 1913 2213 I

247 2266 441 2315 rnonruunn
464 2265 681 2311 6666666666
703 2262 871 2312 castrans
892 2246 1873 2317 66666666666666666666666666666661666666666.

248 2352 328 2418 Cum
361 2358 487 2417 veteres
520 2357 553 2416 ct
584 2349 762 2416 infidelium
797 2349 976 2414 conditores
1005 2348 1203 2414 voluminum
1233 2346 1436 2432 eloquentiae
1467 2366 1546 2413 suae
1575 2369 1724 2435 pompam
1754 2354 1877 2419 cunctis

201 2478 230 2518 rs
248 2455 418 2521 ostendere
447 2474 546 2520 causa
575 2453 798 2538 provocaverit
826 2451 985 2535 opinionis
1013 2451 1161 2518 inflatae:
1194 2451 1269 2517 dum
1300 2471 1412 2535 regum
1434 2457 1509 2515 vota
1531 2469 1589 2517 seu
1611 2452 1737 2535 funera,
1770 2455 1878 2523 idest

248 2578 403 2644 prospera
425 2558 478 2623 vel
501 2556 657 2639 adversa,
689 2556 822 2621 confuso
844 2556 932 2622 vocis
955 2556 1066 2622 ordine
1088 2555 1228 2639 quodam
1251 2554 1346 2620 modo
1369 2553 1433 2620 visi
1456 2561 1530 2621 sunt
1550 2563 1681 2623 6661666
1703 2559 1822 2643 6661166
1844 2567 1876 2626 61

247 2663 391 2747 6166666,
423 2667 458 2727 61
484 2668 550 2727 tam
579 2661 632 2744 qui
655 2660 805 2726 dixemni
826 2660 878 2725 vel
901 2659 942 2724 de
965 2659 1081 2742 quibus
1103 2658 1201 2724 locuti
1224 2665 1298 2725 sunt
1320 2659 1427 2725 saltim
1449 2657 1482 2723 in
1505 2658 1597 2725 libris
1619 2659 1779 2746 viverent,
1813 2664 1876 2731 etsi

247 2763 358 2830 vacuis
387 2764 511 2830 actibus
540 2764 678 2830 inaniter
707 2763 917 2829 defecissent:
952 2784 1009 2829 cur
1036 2783 1096 2846 ego
1126 2762 1266 2829 melioris
1289 2762 1358 2848 spei
1381 2761 1573 2828 sollicitatus
1595 2763 1748 2832 instinctu
1770 2769 1876 2853 patiar

246 2867 371 2934 reticeri
394 2868 434 2934 de
457 2867 573 2933 summi
596 2866 790 2933 confessoris
812 2866 994 2932 viventibus
1017 2866 1138 2932 meritis
1160 2873 1193 2933 et
1214 2866 1379 2933 victoriis?
1409 2867 1450 2950 (2)
1477 2887 1539 2931 non
1562 2866 1643 2950 sine,
1669 2869 1755 2952 quod
1776 2872 1871 2955 absit,

197 2993 227 3036 66
247 2971 409 3037 vindictae
433 2970 582 3036 caelestis
604 2970 752 3053 incursu,
786 2990 857 3035 cum
880 2969 936 3034 vin
959 2970 1068 3036 debita
1090 2970 1264 3051 solverem,
1299 2969 1328 3035 si
1350 2969 1390 3035 de
1412 2969 1499 3035 beati
1521 2970 1639 3036 Hilarii
1660 2970 1875 3042 indeficientis

247 3074 406 3160 lampadis
439 3073 609 3158 splendore
643 3073 839 3157 infatigabili
872 3092 950 3138 voce
983 3073 1036 3139 die
1069 3073 1254 3139 continuata
1286 3092 1359 3138 cum
1386 3078 1478 3138 nocte
1507 3073 1627 3158 pariter
1654 3074 1872 3145 decantarem.

251 3181 290 3263 (3)
318 3177 390 3256 Qua
412 3197 488 3244 vero
510 3177 563 3242 vel
584 3177 732 3242 inretitus
753 3175 923 3241 inscientia
946 3177 999 3242 vel
1021 3176 1169 3261 inpulsus
1192 3175 1325 3257 offensa,
1352 3175 1386 3240 16
1409 3196 1449 3241 66
1463 3177 1628 3244 voluntate
1643 3180 1734 3262 gravi
1748 3188 1874 3267 torpore

245 3282 468 3368 persisterem,
503 3286 538 3345 ut
564 3299 634 3344 cum
656 3279 708 3344 illi
729 3279 866 3364 plurimo
891 3279 1016 3364 decepti
1039 3286 1174 3346 tractatu
1198 3279 1239 3344 de
1261 3280 1402 3345 resoluta
1425 3281 1607 3346 umbrarum
1630 3281 1772 3367 imagine
1794 3306 1875 3353 666-

246 3386 335 3450 66116
365 3384 556 3450 6661666661
586 3389 619 3448 61
648 3381 682 3446 16
711 3383 876 3466 pulverem
906 3382 1037 3449 redacta
1066 3382 1227 3448 cadavera
1256 3381 1348 3448 falsis
1379 3383 1472 3466 quasi
1501 3383 1652 3451 laudibus
1681 3387 1870 3474 animarent,

524 3540 661 3548 ——

334 3645 344 3694 1
366 3641 444 3712 11616]
462 3644 573 3693 16616166
596 3642 616 3689 V
718 3647 804 3691 tonare
822 3667 857 3678 —
877 3643 908 3692 io
926 3639 1062 3709 gaudente]
1088 3644 1149 3692 obiit
1167 3647 1251 3691 autem
1270 3644 1397 3705 praefatus
1414 3645 1531 3708 pontifex
1549 3646 1653 3696 hilarius
1670 3648 1712 3696 dle
1730 3649 1818 3698 iduum
1836 3652 1874 3699 ia·

246 3733 397 3780 nuariarum.
436 3722 557 3792 reliquiae
576 3730 631 3777 6166
650 3730 759 3791 61616616
778 3735 838 3778 6661
856 3729 979 3792 66611166,
998 3732 1025 3778 16
1044 3744 1092 3792 666
1111 3731 1162 3778 1666
1180 3729 1302 3778 hactenus
1320 3731 1408 3778 diuina
1426 3732 1547 3779 beneficia
1566 3738 1710 3797 operantur,
1731 3737 1786 3797 ipso
1804 3751 1875 3799 prae-

246 3822 338 3878 stante,
360 3818 403 3877 qui
422 3817 489 3864 61611
507 3820 532 3863 61
550 3821 637 3874 regnat
655 3815 717 3862 deus
736 3817 761 3862 16
781 3816 880 3863 6666616
899 3817 1061 3866 saeculorum.
1082 3829 1155 3864 amen
1180 3817 1201 3864 Y
1325 3815 1340 3865 2
1359 3818 1484 3866 bominem
1504 3818 1549 3881 (V)
1660 3833 1806 3879 cognoscere
1825 3823 1871 3884 (Vl

246 3899 419 3970 66111166.
442 3902 462 3950 V
564 3900 736 3964 ilpraeteriui
758 3901 779 3950 V
878 3899 1027 3969 conscripsi]
1047 3917 1078 3950 ne
1097 3904 1261 3965 6666666166
1280 3917 1336 3951 cum
1355 3904 1566 3953 6111166611611616
1584 3919 1632 3954 nec
1648 3919 1699 3954 non
1717 3912 1743 3955 et
1754 3907 1874 3970 loquendi

245 3991 375 4040 nimietate
392 3989 517 4050 prolixius
535 3992 641 4036 extensa
659 3989 778 4049 nitescat,
807 3989 933 4037 scribendi
952 3989 1001 4036 iam
1019 3989 1138 4038 debemus
1157 3995 1300 4038 construere
1318 3995 1407 4039 metas.
1445 3995 1485 4038 est
1503 3996 1585 4039 tamen
1604 3992 1709 4053 dignum
1727 3995 1873 4058 1666611666

245 4078 290 4126 166
308 4091 389 4126 unum
408 4080 508 4123 tantum
526 4076 628 4136 referre,
649 4075 771 4136 quomodo
789 4076 865 4123 buius
884 4076 967 4124 sancti
986 4076 1036 4123 uirl
1054 4077 1137 4123 anima
1155 4076 1239 4124 diuini
1255 4076 1360 4124 luminis
1378 4076 1475 4137 fulgore
1493 4078 1610 4136 migrauit
1628 4084 1740 4141 excepta.
1773 4086 1873 4131 tantum

244 4177 352 4224 namque
376 4162 462 4210 iumen
485 4161 602 4208 sedeciae
625 4161 685 4208 dum
709 4161 856 4210 infirmando
880 4163 1006 4211 obscurari
1032 4163 1169 4224 coepisset,
1195 4147 1366 4210 uenerabilem
1390 4162 1475 4211 uirum
1499 4164 1611 4212 leonium
1630 4166 1742 4214 ciusdem
1760 4168 1872 4218 ciuitatis

244 4251 418 4312 presbyterum
442 4247 548 4309 quadam
572 4247 612 4294 116
638 4247 759 4295 secretius
777 4248 828 4295 sibi
846 4249 960 4295 accersiri
979 4248 1124 4311 mandauit;
1151 4251 1174 4297 el
1192 4254 1276 4296 autem
1294 4248 1362 4295 idem
1381 4249 1496 4297 sacerdos
1514 4250 1630 4299 66616166
1648 4257 1675 4300 61
1693 4253 1871 4305 dilectissimus

245 4336 392 4384 habebatur.
430 4347 538 4396 cumque
557 4334 750 4382 imminentibus
768 4336 848 4383 666116
867 4336 976 4384 tenebris
994 4349 1053 4383 eum
1072 4336 1142 4383 exire
1161 4341 1186 4383 61
1204 4337 1226 4383 61
1244 4335 1306 4397 6611
1323 4336 1384 4383 16616
1402 4335 1503 4384 6611661
1520 4337 1569 4384 sibi
1587 4340 1727 4389 renuntiari
1744 4341 1869 4405 iussisset,

243 4425 300 4485 1666
324 4435 400 4471 66666
424 4421 601 4469 tumultuantis
626 4420 708 4468 adbuc
733 4422 820 4484 populi
846 4422 959 4470 ciuitatis
985 4436 1012 4470 ae
1036 4423 1138 4470 6611666
1162 4427 1292 4470 reuertens
1317 4423 1442 4483 exposuit.
1481 4425 1632 4483 persistebat
1654 4426 1740 4489 116666
1762 4429 1872 4489 uigilans

245 4508 357 4570 iustique
381 4509 456 4555 tinem
481 4512 631 4568 expectans,
658 4507 770 4554 animum
794 4509 939 4556 nouissimis
962 4509 1018 4556 eius
1044 4514 1070 4557 et
1088 4510 1221 4556 carissimis
1240 4509 1456 4557 exhortationibus
1474 4511 1598 4559 ratleicus.
1637 4511 1729 4561 deinde
1747 4519 1872 4578 tempesta

244 4595 293 4641 lam
318 4601 388 4642 nocte
414 4607 502 4641 rursus
526 4599 642 4641 6666616
661 4600 760 4654 rogatur
778 4596 847 4642 exire
866 4595 977 4657 quidque
995 4595 1085 4643 auditu
1104 4595 1231 4657 percipere
1249 4600 1333 4656 666661
1351 4596 1400 4643 sibi
1417 4596 1510 4643 iacenti
1527 4597 1558 4643 ad
1576 4597 1669 4646 lectum
1689 4600 1789 4649 referre.
1827 4603 1872 4665 661

244 4680 303 4728 dum
328 4680 423 4728 nulllus
446 4681 555 4729 sonitum
580 4682 621 4727 uel
646 4682 849 4729 mussitationem
868 4696 895 4729 se
914 4683 1024 4729 sensisse
1043 4682 1189 4745 renuntiat,
1217 4695 1274 4729 moa
1294 4681 1409 4744 splendor
1426 4683 1618 4732 inaestimabilis
1636 4685 1769 4749 claritatis,
1795 4703 1872 4750 66666

243 4767 341 4814 1666166
365 4781 392 4814 66
415 4780 465 4815 666
489 4766 602 4828 66161666
625 4767 690 4814 16666
716 4768 854 4829 fatebatur,
881 4782 925 4830 per
943 4769 1079 4816 fenestram
1098 4772 1199 4829 666616
1218 4767 1303 4816 altaris
1321 4767 1434 4816 eiusdem
1452 4769 1582 4832 basilicae,
1608 4770 1635 4818 16
1654 4785 1704 4833 666
1722 4775 1870 4824 sanissimus

243 4853 382 4900 decubabat
407 4853 522 4900 infirmus
550 4854 686 4914 (infirmnm
710 4855 776 4902 mule
793 4853 915 4902 Reintem
932 4869 958 4915 6.
978 4854 1057 4916 3191,
1084 4854 1233 4913 ingreditur.
1272 4854 1409 4902 secundnm
1432 4867 1540 4917 namque
1564 4857 1704 4918 apostolum
1727 4860 1872 4910 infirmatus

242 4952 315 4988 carne
334 4940 426 5001 spiritu
444 4941 568 5001 potentior
586 4944 648 5001 erat,
669 4942 741 4989 cuius
759 4941 843 4988 anima
860 4954 910 4988 non
928 4941 1109 5003 qualiscunque
1127 4942 1172 4989 sed
1190 4941 1335 4990 beatimlma
1352 4941 1519 5002 corporalibus
1537 4943 1618 4992 soluta
1630 4945 1750 5007 61666116,
1771 4960 1871 5008 egressa

243 5038 271 5071 eo
289 5025 361 5086 ipso,
381 5031 410 5072 ut
429 5025 568 5087 credimus,
590 5027 694 5074 diuinae
712 5028 832 5075 claritatis
849 5028 945 5077 iumine
964 5034 1082 5089 suscepta
1100 5032 1126 5075 et
1143 5029 1172 5076 16
1189 5027 1298 5089 paradisi
1316 5027 1443 5088 migrando
1461 5031 1580 5090 perpetui
1599 5029 1738 5093 splendoris
1758 5035 1869 5082 amoeni·

243 5115 319 5159 tatem
337 5112 453 5160 intrauit.
490 5112 525 5160 ibi
544 5126 612 5160 nunc
629 5118 655 5161 ct
673 5127 772 5175 semper
790 5115 894 5176 pretiosi
912 5115 1004 5177 lapidis
1022 5114 1164 5162 diademate
1182 5119 1325 5173 coronatus,
1351 5116 1379 5162 in
1398 5116 1550 5176 sempiterna
1569 5117 1630 5164 coeli
1650 5131 1705 5165 arce
1723 5118 1792 5167 felici
1810 5134 1869 5182 par·

242 5196 397 5256 inscelere,
419 5197 605 5246 exsultantibus
623 5200 717 5247 sanctis
735 5200 842 5248 laetatur
860 5199 918 5248 odd.
943 5201 972 5248 Z.
1011 5201 1229 5261 interpolationem
1247 5199 1367 5250 Rcinlretra
1382 5217 1409 5263 p.
1431 5202 1494 5248 ΧΧΙ
1510 5206 1593 5250 tectas
1731 5205 1869 5253 beatissimi

243 5282 325 5331 hilarii
344 5284 375 5332 dc
394 5285 519 5346 praesenti
539 5286 638 5333 saeculo
661 5286 681 5333 V
810 5285 842 5335 io
862 5284 926 5354 uita]
946 5287 1047 5335 ualente
1065 5293 1092 5336 ct
1111 5287 1284 5336 ualentiniano
1301 5289 1465 5348 regnantibus
1482 5288 1541 5337 cdd.
1560 5290 1640 5350 6616,
1661 5288 1696 5349 cs.
1718 5289 1819 5339 Hieron.
1840 5290 1870 5340 (16

242 5371 302 5417 61616
320 5370 357 5418 iit.
378 5384 399 5419 e.
422 5371 472 5417 roo
575 5368 713 5437 gaudente]
733 5372 819 5420 eodem
838 5375 893 5420 iesu
913 5373 1005 5421 christo
1024 5378 1177 5436 praestante,
1197 5375 1242 5435 661
1262 5387 1319 5422 cum
1338 5379 1408 5435 patre
1429 5378 1455 5422 et
1473 5376 1564 5437 6616116
1582 5381 1667 5424 666616
1686 5377 1754 5425 61611
1771 5382 1798 5425 61
1815 5392 1871 5440 reg-

242 5461 285 5504 661
302 5456 364 5505 1666
383 5458 408 5503 16
428 5458 526 5505 6666616
543 5459 706 5506 saeculorum.
727 5472 800 5506 amen
818 5459 877 5508 add.
898 5461 968 5520 vaip.
1075 5472 1199 5509 nnnrcrr
1216 5472 1279 5507 vira
1297 5472 1440 5508 retransitu
1458 5461 1520 5509 n'rirs
1542 5466 1575 5520 iet
1593 5463 1657 5511 6661.
1679 5462 1736 5513 cdd.
1758 5460 1799 5525 0²]
1820 5461 1842 5510 11

329 5541 358 5590 11
377 5554 478 5590 6666666
495 5556 577 5592 arnan
594 5558 628 5592 ns
646 5557 803 5594 6666666666
823 5559 862 5594 661
880 5558 986 5595 166666
1003 5546 1049 5594 sir
1066 5546 1109 5610 0¹,
1128 5551 1250 5608 66666616
1269 5560 1290 5595 6.
1305 5559 1325 5594 6.
1340 5560 1364 5597 s.
1385 5552 1408 5594 61
1426 5551 1590 5609 superscripta
1608 5548 1633 5596 h.
1653 5549 1734 5609 ipsius
1749 5545 1792 5612 θ’,
1808 5563 1869 5611 pse-

240 5631 325 5689 logum
336 5627 406 5689 adp.
419 5633 445 5687 8,
466 5630 483 5677 i.
498 5632 514 5678 8
532 5631 640 5681 absoluit
656 5633 744 5682 om.v
847 5632 877 5683 13
896 5629 1392 5700 6666666666]616166166616611.6ι(16.
1505 5633 1536 5683 18
1556 5649 1620 5697 ergo,
1641 5637 1736 5686 bitror
1754 5636 1869 5687 (16161611

243 5713 274 5764 19
292 5715 406 5779 66116666,
427 5715 469 5764 aad
486 5730 513 5765 re
531 5717 653 5767 16111666
671 5718 692 5766 G
796 5721 900 5770 uictoris
919 5718 941 5766 (1
