4374 6186
325 401 367 463 30
932 390 1101 447 vannum
1119 391 1340 448 roarvnn'rr

325 596 358 655 et
386 587 527 670 quinque
557 583 741 650 monasterii
771 589 874 649 rector
903 590 936 647 et
962 582 1037 666 pius
1059 586 1153 666 pater
1174 580 1321 665 eligitur,
1355 582 1475 668 quippe
1497 584 1553 667 qui
1575 605 1633 650 suo
1656 587 1827 670 splendore
1851 589 1894 654 ad
1917 610 1952 656 se

324 697 467 758 traxerat
495 688 696 772 dignitatem.
742 687 870 752 Interea
892 687 952 751 sub
975 685 1122 769 magistri
1146 704 1282 751 censura
1304 686 1562 770 congregationis
1585 689 1759 774 disciplina
1782 694 1947 774 vernabat,

324 794 381 861 ubi
402 793 575 859 severitate
598 791 743 857 districta
766 790 896 856 licentia
918 788 1074 873 peccandi
1096 789 1248 874 perierat.
1300 791 1361 872 (22)
1389 791 1548 857 Fervebat
1564 813 1640 877 ergo
1655 794 1785 878 pietatis
1801 795 1948 879 intuitus,

324 897 491 964 exultabat
512 895 675 981 psallendi
698 901 880 975 concentus,
908 892 1098 957 coruscabat
1119 893 1201 958 inter
1216 892 1332 959 fratres
1348 894 1571 961 oboedientiae
1587 896 1708 980 radius,
1735 900 1953 983 praecellebat

325 1008 455 1067 mactae
486 999 634 1064 karitatis
664 1005 813 1075 ornatus,
847 997 923 1079 quia
952 996 1036 1062 sicut
1065 1003 1134 1061 erat
1163 997 1205 1061 ad
1235 996 1314 1061 vitia
1342 997 1538 1064 eradicanda
1561 1001 1733 1081 sollicitus,
1767 1003 1814 1068 ita
1836 1002 1880 1067 ad
1901 1004 1986 1068 in-a

325 1105 461 1172 serenda
483 1104 568 1169 dona
590 1102 744 1168 caelestia
767 1102 1029 1184 circumspectus.
1082 1101 1143 1183 (23)
1171 1101 1209 1165 In
1232 1120 1295 1183 quo
1318 1101 1444 1167 abbatis
1466 1101 1571 1168 officio
1595 1124 1653 1189 per
1675 1104 1790 1189 viginti
1813 1105 1953 1190 quinque

323 1227 425 1275 annos
447 1206 728 1290 congregationem
751 1205 814 1270 sibi
836 1204 1038 1269 commissam
1062 1203 1200 1269 feliciter
1222 1204 1426 1287 gubernavit.

256 1312 304 1378 IX
417 1314 478 1395 (24)
505 1312 546 1375 Et
574 1309 649 1392 quia
678 1308 757 1374 tanti
787 1308 892 1372 meriti
921 1307 1009 1371 fama
1038 1308 1165 1392 sepulta
1194 1328 1257 1372 non
1287 1308 1398 1390 latuit,
1434 1308 1493 1374 sed
1523 1308 1672 1376 felicibus
1702 1311 1816 1396 permis
1840 1320 1954 1379 cuncta

323 1417 495 1503 pervolans
518 1413 695 1498 occupavit,
722 1412 857 1494 contigit
871 1410 1078 1478 Andecavam
1102 1410 1264 1476 civitatem
1288 1412 1425 1495 pastoris
1447 1414 1679 1496 gubernatione
1695 1416 1822 1481 nudari.
1862 1419 1954 1483 Tunc

324 1519 534 1587 universitate
567 1516 695 1602 populi,
732 1536 770 1581 eo
804 1515 996 1581 humilitatis
1030 1514 1135 1581 studio
1165 1515 1351 1598 resistente,
1388 1516 1431 1581 ad
1460 1516 1674 1601 pontificalem
1704 1519 1841 1602 gradum
1870 1520 1952 1587 duce
1974 1539 2003 1580 ro

324 1624 453 1691 Christo
476 1620 705 1689 concordanter
726 1619 866 1703 eligitur.
919 1620 979 1702 (25)
1008 1617 1070 1695 Qui
1092 1618 1244 1683 honorem
1268 1618 1410 1685 debitum
1434 1622 1603 1686 sacerdotii
1626 1630 1825 1701 consecutus,
1852 1624 1899 1689 ita
1917 1645 1953 1690 se

323 1728 357 1793 in
387 1725 603 1809 eleemosynis
626 1744 819 1809 pauperum,
852 1722 886 1788 in
909 1722 1096 1788 defensione
1119 1722 1255 1803 civium,
1288 1722 1322 1787 in
1345 1722 1526 1789 visitatione
1548 1725 1789 1808 languentium,
1823 1728 1855 1792 iu
1879 1729 1954 1794 red-

324 1829 485 1915 emptione
507 1827 656 1914 praebuit
678 1827 892 1912 captivorum,
919 1832 955 1891 ut
977 1826 1074 1891 beata
1096 1825 1192 1891 unius
1214 1826 1299 1890 actio
1322 1829 1475 1910 generale
1497 1827 1589 1894 fieret
1610 1831 1856 1914 salvamentum,
1882 1832 1954 1915 qui-

323 1935 385 2000 bus
407 1953 448 1999 cx
471 1932 585 1998 studiis
606 1932 764 1997 caelestes
787 1931 819 1995 in
842 1951 881 1996 oo
905 1930 1138 1995 fructificavere
1160 1929 1305 1995 virtutes.

274 2038 305 2103 X
419 2038 480 2120 (26)
506 2035 609 2119 Igitur
636 2035 670 2100 in
697 2034 826 2101 civitate
848 2034 1023 2098 Andecava
1046 2052 1118 2097 cum
1142 2032 1172 2097 ei
1195 2032 1353 2115 quaedam
1378 2033 1492 2099 mulier
1514 2034 1615 2100 Grata
1637 2035 1764 2103 nomine
1787 2038 1954 2106 debilitate
1976 2058 2005 2099 ru

326 2146 504 2208 contractas
533 2158 647 2203 manus
677 2138 800 2204 habens
830 2136 937 2202 nervis
967 2137 1227 2221 stupescentibus
1256 2137 1460 2220 occurrisset,
1495 2138 1621 2221 signum
1651 2140 1755 2205 crucis
1786 2160 1882 2226 super
1902 2142 1954 2208 in-

325 2244 449 2311 firmam
479 2244 644 2309 dexteram
667 2241 754 2308 fecit.
802 2239 886 2306 Hinc
907 2245 1131 2325 praemortuae
1155 2240 1284 2324 palmae
1308 2241 1396 2326 prius
1419 2260 1454 2307 se
1477 2242 1575 2306 vivax
1596 2249 1687 2327 tepor
1708 2243 1843 2322 infudit,
1877 2245 1953 2311 item

326 2347 474 2434 sequenti
504 2347 556 2413 die
585 2346 620 2411 in
647 2345 717 2431 ipso
745 2345 814 2409 loco
841 2351 876 2409 ut
898 2345 939 2409 ab
962 2364 1000 2409 eo
1023 2344 1207 2427 signaretur
1229 2363 1264 2408 se
1288 2343 1412 2409 obtulit.
1465 2347 1526 2429 (27)
1555 2344 1625 2423 Quo
1647 2346 1747 2428 facto,
1783 2356 1955 2434 coeperunt

325 2473 428 2519 venae
451 2469 526 2517 suos
549 2469 703 2516 excursus
725 2468 913 2533 agnoscere,
939 2448 1035 2514 tertia
1057 2450 1133 2513 'vero
1155 2447 1208 2512 die
1232 2447 1286 2512 ubi
1309 2468 1499 2531 supeream
1524 2449 1665 2532 sigillum
1686 2452 1789 2517 crucis
1803 2452 1955 2537 inpressit

325 2557 433 2623 statim
463 2575 498 2621 se
529 2554 687 2620 arentium
718 2553 890 2636 digitorum
920 2552 977 2617 fila
1006 2552 1197 2618 laxaverunt
1226 2558 1258 2617 ct
1286 2559 1414 2637 recepto
1444 2553 1619 2618 ministerio
1642 2554 1757 2620 mulier
1778 2555 1812 2620 in
1835 2556 2005 2623 Christian

325 2660 453 2726 nominc
476 2657 620 2723 rediviva
644 2656 776 2722 dextera
799 2676 834 2720 se
858 2655 1011 2739 signavit.

256 2766 305 2833 XI
417 2764 478 2847 (28)
505 2761 653 2840 Quadam
682 2759 753 2826 vice
783 2780 854 2825 cum
878 2760 921 2825 ad
944 2759 1048 2824 vicum
1072 2758 1232 2842 Geginam
1256 2759 1454 2843 praeteriens
1476 2759 1682 2840 accessisset,
1717 2762 1954 2829 adolescentem

325 2865 529 2933 Alabandum
559 2864 687 2931 nomine
717 2863 836 2928 amisso
864 2863 951 2929 vitae
981 2862 1100 2946 reperit
1129 2862 1192 2926 iam
1223 2883 1366 2929 munere.
1413 2863 1557 2928 Audiens
1587 2871 1694 2929 autem
1725 2868 1955 2951 aparentibus

311 2978 501 3038 extremam
529 2968 589 3034 filii
611 2974 744 3033 mortem
767 2966 944 3051 deplorari,
979 2966 1116 3032 occurrit
1138 2973 1170 3031 et
1191 2972 1227 3031 ut
1248 2974 1404 3032 mortuum
1428 2967 1536 3031 vivum
1560 2967 1699 3051 erigeret
1722 2989 1758 3035 se
1779 2970 1813 3034 in
1836 2971 1953 3036 oratio-

325 3096 398 3140 nem
429 3071 614 3159 prosternit,
648 3070 698 3135 cui
726 3070 914 3136 incumbens
945 3069 1066 3134 diutius
1097 3068 1209 3135 oravit.
1263 3072 1323 3151 (29)
1351 3070 1435 3134 Dum
1459 3071 1650 3154 pallesceret
1672 3071 1782 3140 iacens
1805 3074 1955 3140 sacerdos
1977 3092 2009 3135 aa

325 3179 359 3244 in
389 3179 541 3263 pulvere,
574 3175 703 3240 animae
732 3173 888 3239 vivacitas
919 3173 1109 3239 rubescebat
1137 3173 1172 3238 in
1202 3193 1349 3256 corpore,
1384 3173 1486 3239 donec
1507 3175 1634 3258 pulsato
1657 3176 1760 3255 caelo,
1795 3176 1955 3262 patefacto

325 3288 462 3362 tartaro,
495 3280 621 3345 iuvenis
649 3284 853 3345 revocaretur
882 3297 902 3341 a
931 3276 1043 3342 funere
1072 3276 1224 3342 sacerdos
1253 3297 1274 3340 a
1304 3296 1409 3361 prece.
1461 3279 1522 3360 (30)
1551 3277 1677 3343 Deinde
1708 3298 1779 3344 cum
1803 3280 1954 3345 Asiacum

326 3384 553 3453 monasterium
575 3390 711 3469 paterna
733 3381 948 3449 sollicitudine
972 3380 1145 3463 visitasset,
1172 3379 1302 3462 quidam
1326 3387 1361 3446 ut
1382 3380 1413 3445 ei
1437 3388 1638 3447 succurreret
1659 3382 1724 3447 iam
1747 3381 1810 3447 fide
1826 3383 1955 3448 inlumi-

326 3497 421 3556 natus
450 3507 565 3554 caecus
596 3488 773 3567 exclamat,
807 3485 859 3550 cui
889 3493 924 3550 ut
954 3492 1086 3550 sanctae
1116 3484 1220 3550 crucis
1249 3485 1520 3551 medicamentum
1542 3486 1701 3571 inposuit,
1734 3494 1800 3553 tam
1824 3486 1885 3553 fuit
1905 3487 1956 3553 illi

326 3596 435 3661 lumen
457 3593 519 3658 cito
541 3591 685 3676 recipere
707 3610 803 3674 quarn
826 3588 1004 3672 quaesisse.
1056 3590 1119 3672 (31)
1145 3589 1226 3655 Item
1242 3588 1426 3655 Andecavis
1449 3608 1520 3653 cum
1543 3589 1675 3671 quidam
1695 3591 1843 3656 Maurilio
1865 3592 1955 3657 clau
1975 3612 2006 3653 ac

326 3698 373 3765 sis
402 3697 504 3764 oculis
532 3697 636 3762 lucem
665 3693 728 3759 sibi
756 3693 880 3759 restitui
910 3694 1102 3778 postularet,
1138 3700 1204 3759 tum
1235 3692 1382 3777 pontifex
1412 3711 1447 3758 se
1477 3693 1519 3757 ad
1542 3700 1619 3757 nota
1640 3713 1730 3758 arma
1752 3702 1951 3775 convertens,

326 3823 402 3869 mox
430 3800 558 3884 signum
588 3797 774 3865 venerabile
796 3817 896 3882 supra
919 3797 1093 3882 palpebras
1116 3796 1187 3862 eius
1210 3795 1375 3879 extendit,
1407 3798 1496 3862 velut
1518 3796 1637 3862 balista
1659 3797 1834 3864 fortissima
1855 3818 1956 3883 pene-

327 3905 419 3972 tratis
448 3902 590 3970 tenebris
621 3922 698 3967 crux
729 3908 801 3985 post
823 3920 858 3966 se
881 3920 977 3967 caeco
1000 3900 1109 3965 lumen
1131 3900 1264 3966 invexit.
1317 3900 1377 3983 (32)
1405 3900 1486 3965 Item
1509 3921 1582 3966 cum
1604 3902 1811 3968 Marcellinus
1833 3903 1958 3969 circiter

327 4011 439 4078 decem
462 4027 563 4074 annos
585 4005 767 4090 transigens
789 4005 823 4070 in
845 4005 955 4070 nubilo
978 4004 1151 4085 caecitatis,
1178 4010 1299 4069 tractus
1322 4004 1365 4069 ad
1387 4004 1516 4070 beatum
1539 4004 1719 4088 pontificem
1743 4006 1952 4090 pervenisset,

328 4115 382 4181 ubi
412 4113 539 4196 signum
573 4110 757 4176 adorandae
781 4109 883 4174 crucis
907 4128 1004 4193 super
1026 4108 1135 4174 oculos
1158 4108 1228 4173 eius
1251 4106 1411 4190 extendit,
1446 4108 1552 4173 statim
1576 4116 1763 4194 erumpente
1786 4109 1952 4194 sanguine,
1977 4130 2008 4171 aa

329 4217 479 4301 effugatis
503 4214 645 4281 tenebris
668 4213 724 4277 lux
745 4213 886 4278 intravit.

244 4323 310 4389 XII
422 4320 483 4402 (33)
510 4318 596 4383 Illud
618 4316 715 4382 etiam
734 4316 826 4381 nobis
842 4316 1027 4382 estfactum
1043 4315 1250 4382 memorabile
1267 4315 1508 4381 recensendum.
1550 4315 1629 4380 Cum
1645 4316 1791 4381 inlustris
1806 4315 1959 4382 Aetheria

329 4423 473 4491 iussione
496 4422 587 4506 regia
610 4427 822 4505 persequente
844 4420 877 4484 in
894 4420 1090 4486 Dullacense
1113 4420 1193 4484 villa
1215 4418 1352 4485 militum
1376 4418 1523 4485 custodia
1537 4425 1700 4485 teneretur
1715 4420 1856 4501 obsessa,
1883 4427 1958 4485 tunc

330 4528 380 4596 ovi
411 4525 604 4613 periclitanti
636 4531 840 4590 succurrente
871 4531 981 4590 sancto
1010 4530 1157 4608 pastore,
1192 4524 1280 4588 solus
1311 4530 1346 4588 ut
1368 4543 1388 4587 a
1410 4524 1499 4588 nullo
1522 4530 1766 4607 cognosceretur
1788 4523 1831 4589 ad
1853 4524 1957 4608 ipsam

329 4630 522 4716 ingreditur:
557 4650 618 4713 quo
649 4627 720 4693 viso
746 4629 945 4712 amplectens
974 4628 1043 4693 eius
1071 4627 1211 4710 vestigia
1238 4628 1353 4710 lugens
1383 4626 1499 4692 mulier
1526 4626 1727 4692 inhaerebat.
1779 4628 1839 4710 (34)
1867 4627 1958 4692 'Iunc
1977 4646 2008 4687 rc

330 4734 468 4800 infelicis
497 4732 639 4798 custodis
668 4732 785 4797 insana
813 4731 991 4815 procacitas
1021 4732 1097 4797 dum
1126 4732 1195 4797 vult
1224 4751 1296 4796 eam
1322 4730 1414 4814 quasi
1437 4731 1533 4815 lupus
1555 4751 1575 4795 a
1597 4739 1688 4797 veste
1710 4730 1848 4815 pastoris
1870 4731 1959 4796 evel-

330 4840 412 4917 lere,
450 4834 599 4902 iniuriam
633 4835 682 4900 vir
715 4841 845 4901 sanctus
874 4835 1011 4920 excepit.
1059 4837 1149 4901 Tunc
1178 4835 1235 4900 illo
1264 4834 1451 4900 insufflante
1480 4833 1514 4899 in
1545 4833 1614 4899 eius
1644 4833 1759 4900 faciem
1789 4839 1960 4900 temerator

331 4939 507 5007 sacerdotis
536 4937 634 5004 celeri
663 4946 763 5004 morte
791 4940 944 5005 multatus
974 4945 1034 5004 est.
1086 4940 1147 5022 (35)
1175 4938 1258 5005 Hinc
1288 4945 1408 5004 terrore
1431 4944 1587 5022 urguente
1609 4937 1724 5021 reliqui
1747 4937 1959 5003 reverentiam

330 5045 512 5112 habuerunt
541 5041 700 5127 pontificis
730 5048 763 5107 et
792 5043 886 5108 unius
916 5063 1020 5127 poena
1049 5042 1125 5109 fecit
1155 5042 1237 5108 alios
1258 5042 1407 5109 inmunes
1429 5063 1450 5108 a
1472 5043 1567 5126 culpa
1589 5061 1648 5108 neo
1670 5042 1760 5127 prius
1782 5062 1803 5106 a
1824 5041 1958 5107 muliere

332 5248 419 5255 --.
433 5245 642 5253 -
662 5245 741 5251 -

418 5376 497 5439 oper
514 5351 571 5424 1
588 5401 622 5410 -
642 5373 656 5423 7
675 5374 782 5422 feliciter
799 5369 962 5439 gubernauit]
983 5373 1101 5434 Eproba,
1130 5375 1164 5437 cf.
1186 5374 1256 5435 infra
1272 5391 1292 5426 c.
1315 5377 1359 5439 90,
1386 5390 1431 5439 per
1449 5375 1541 5436 uiginti
1559 5380 1586 5422 at
1603 5374 1714 5437 quinque
1731 5400 1766 5410 -
1784 5375 1894 5422 ielchter
1912 5388 1959 5434 gu

331 5465 449 5513 barnault
467 5463 564 5522 darius,
585 5476 631 5525 per
649 5462 761 5524 quinque
783 5474 860 5509 annos
930 5462 1086 5525 felleitsrque
1104 5462 1254 5520 gubernauit
1274 5462 1342 5513 Mul.
1459 5462 1476 5512 9
1494 5458 1610 5528 contigit]
1629 5475 1657 5509 eo
1675 5466 1787 5523 tempore
1807 5459 1875 5510 Mod.
1899 5460 1960 5521 (noa

332 5550 429 5610 flarius)
569 5548 599 5599 lb
618 5544 716 5614 populi]
735 5547 896 5598 concordante
914 5550 1031 5610 quamula
1051 5548 1117 5598 hlob.
1143 5552 1201 5607 (aon
1218 5549 1317 5612 dusius)
1462 5547 1492 5597 12
1511 5548 1656 5595 elemosinis
1676 5548 1705 5609 E,
1727 5548 1851 5596 alhmonlis
1870 5546 1959 5595 darius

332 5636 366 5687 22
383 5638 469 5686 ulcum
487 5631 613 5702 geginam]
632 5637 685 5683 ulei
702 5636 832 5696 genienais
854 5636 924 5695 (lup.
947 5634 982 5685 .
1005 5636 1030 5684 8.
1052 5636 1127 5687 Mart.
1150 5637 1164 5682 1
1169 5636 1194 5696 V,
1217 5639 1258 5696 u,
1279 5635 1313 5696 ef.
1334 5635 1467 5697 Loapnon,
1488 5631 1638 5695 &ecgraphis
1654 5648 1680 5693 p.
1702 5636 1752 5681 306
1857 5632 1961 5683 221-

332 5719 454 5789 bandum]
474 5723 502 5784 ,
524 5722 697 5771 malabaudom
716 5721 815 5784 Scalas,
834 5723 1000 5771 alaubaudum
1021 5722 1085 5773 Mod.
1193 5720 1226 5770 32
1244 5717 1313 5787 mox]
1331 5734 1389 5769 mox
1407 5725 1437 5769 ut
1454 5719 1551 5782 darios,
1574 5719 1616 5767 aad
1633 5718 1668 5781 cs.
1687 5733 1764 5768 carm,
1785 5720 1816 5781 X,
1837 5721 1862 5782 d,
1886 5720 1934 5767 122
