4374 6186
332 395 373 458 10
940 390 1111 447 VENANTI
1127 389 1350 447 FORTVNATI

330 581 432 662 ditas,
467 602 539 647 cum
567 581 601 648 in
628 582 738 665 requie
761 581 865 666 posito
887 582 993 648 adhuc
1018 581 1243 648 sollicitudinis
1265 603 1329 647 non
1352 580 1436 648 desit
1458 583 1609 649 ubertas?
1646 583 1729 648 Nam
1752 583 1806 665 qui
1828 589 1904 648 tunc
1925 581 1961 647 in

330 686 454 769 synodo
483 684 526 751 ad
557 684 818 752 confundendum
849 685 970 751 hostem
994 685 1094 751 verba
1114 685 1226 751 fidelia
1248 685 1396 770 protulit,
1430 685 1483 751 bic
1504 685 1538 751 in
1563 705 1675 771 campo
1698 707 1789 752 arma
1810 684 1962 752 tractavit

330 787 477 856 victoria.

257 890 306 955 IX
419 893 480 975 (24)
507 892 623 957 Mulier
644 892 678 956 in
700 892 770 957 vico
786 891 965 976 Tonatiago
988 891 1064 956 dum
1086 912 1204 974 aquam
1226 892 1270 958 ad
1292 911 1372 976 opus
1388 912 1481 957 suum
1497 898 1639 977 portamt
1653 893 1705 958 dic
1722 892 1889 970 dominico,
1917 932 1960 941 -
1989 916 1992 922 ·

328 1015 391 1061 non
413 1002 463 1061 est
483 1015 590 1062 meum
612 1013 791 1078 nosseque
817 1002 993 1080 praeventa
1015 1003 1164 1081 peccato,
1196 1032 1240 1044 —
1263 1016 1377 1060 manus
1400 996 1546 1062 adtracta
1569 1003 1618 1062 est
1640 1017 1793 1062 venarum
1816 995 1959 1061 arefacto
1982 1019 1996 1058 a

328 1098 487 1165 discursu.
532 1100 624 1164 Tunc
652 1099 846 1164 revelatione
876 1098 1084 1182 commonitu,
1118 1106 1153 1164 ut
1182 1099 1225 1165 ad
1247 1099 1350 1165 sancti
1373 1099 1486 1165 limina
1508 1100 1536 1164 si
1558 1101 1657 1166 vellet
1680 1101 1772 1165 salva
1794 1099 1864 1164 lieri
1885 1119 1961 1183 pro-

326 1209 462 1287 peraret.
515 1204 577 1286 (25)
605 1202 674 1281 Quo
697 1202 754 1267 illa
776 1202 879 1268 fidens
901 1203 1012 1271 nuntio
1035 1210 1196 1287 tamquam
1220 1224 1291 1268 cum
1312 1204 1383 1288 ipso
1399 1203 1547 1269 sanitatis
1563 1222 1641 1269 suae
1657 1204 1858 1287 prraeviatore
1873 1204 1961 1268 laeta

326 1305 492 1390 percurrit.
542 1305 585 1371 Et
607 1306 681 1372 dum
705 1306 739 1370 in
761 1305 896 1370 basilica
918 1307 1124 1390 psalleretur,
1160 1306 1308 1371 similiter
1329 1306 1363 1370 in
1386 1306 1587 1371 absolutione
1610 1306 1662 1372 die
1685 1306 1862 1388 dominico,
1896 1327 1959 1390 quo

326 1415 546 1494 praecesserat
567 1429 691 1494 poena,
718 1416 829 1475 secuta
852 1415 926 1474 sunt
948 1410 1079 1492 gaudia.
1127 1410 1210 1475 Ecce
1234 1409 1498 1476 consuetudinem
1521 1410 1647 1494 patroni
1670 1411 1845 1494 singularis
1868 1430 1961 1475 ama-

327 1511 440 1594 bilem,
478 1512 533 1596 qui
566 1519 602 1578 nt
631 1513 774 1578 inveniat
802 1513 888 1595 quod
917 1519 1059 1597 praestet
1088 1520 1121 1578 et
1150 1532 1264 1577 causas
1295 1512 1451 1596 exquirit!
1499 1513 1526 1579 0
1556 1514 1650 1579 beate
1680 1514 1784 1579 Hilari
1816 1513 1958 1578 omnium
1983 1535 2013 1576 ro

327 1615 422 1681 corde
452 1635 507 1681 ore
536 1635 615 1681 voce
643 1615 819 1682 cantanda!
858 1616 949 1681 cuius
978 1623 1045 1681 tam
1071 1617 1163 1699 larga
1193 1616 1376 1700 benignitas
1406 1636 1469 1680 non
1493 1617 1596 1681 solum
1619 1638 1655 1683 se
1678 1616 1776 1682 elicui
1798 1638 1860 1682 non
1883 1618 1960 1682 abs-

329 1720 440 1786 condit
462 1718 522 1785 sed
544 1719 671 1802 ingerit.

271 1823 304 1887 X
416 1824 477 1906 (26)
504 1823 679 1888 Veniamus
709 1822 751 1887 ad
781 1823 863 1889 alios
894 1822 1071 1888 venerandi
1094 1823 1215 1888 fruetus
1238 1823 1397 1888 miraculi.
1444 1824 1611 1900 Quaedam
1635 1824 1831 1907 paralytica,
1865 1823 1960 1888 annis

326 1925 440 1992 adulta
468 1926 579 2011 puella
607 1947 669 1992 non
700 1927 829 2009 merito,
864 1927 933 1992 sine
961 1927 1048 1992 vitae
1077 1926 1207 1992 vivebat
1229 1926 1357 1993 officiis.
1405 1927 1466 1992 Oui
1488 1926 1522 1991 in
1545 1926 1641 1991 sunus
1664 1927 1797 1991 extincti
1820 1926 1960 2010 corporis

326 2036 449 2095 tantum
478 2030 632 2114 superetis
663 2031 771 2095 anima
802 2030 982 2115 palpitabat
1010 2037 1042 2095 et
1071 2030 1105 2094 in
1135 2036 1200 2095 toto
1230 2030 1388 2095 cadavere
1418 2030 1541 2094 lumina
1570 2030 1664 2113 quasi
1694 2031 1763 2096 sola
1792 2029 1954 2112 vigebant,
1983 2054 2013 2093 ru

326 2133 416 2198 velut
437 2131 471 2197 in
492 2151 528 2198 se
550 2134 694 2198 membra
709 2140 833 2200 mortua
848 2133 1023 2217 vigilantes
1038 2133 1122 2198 oculi
1136 2133 1370 2198 custodiebant.
1424 2134 1485 2217 (27)
1514 2133 1586 2198 Non
1603 2133 1713 2216 lingua
1728 2141 1859 2217 torpens
1875 2132 1961 2198 intra

326 2236 426 2321 palati
449 2254 608 2301 cameram
630 2237 782 2303 volubilis
805 2239 995 2303 excurrebat
1017 2256 1076 2302 nec
1097 2236 1161 2302 imo
1185 2236 1281 2302 ducta
1304 2237 1345 2302 de
1367 2243 1497 2321 pectore
1520 2257 1583 2302 vox
1607 2238 1734 2302 conlata
1756 2242 1880 2320 poterat
1902 2256 1961 2320 per

326 2340 425 2406 verba
452 2338 640 2424 disponere,
672 2360 736 2405 non
766 2360 895 2420 manus,
931 2360 1002 2405 cum
1033 2341 1138 2406 soluta
1167 2341 1406 2423 languesceret,
1441 2349 1575 2405 naturae
1606 2340 1716 2406 debita
1738 2340 1869 2405 servitia
1891 2340 1960 2406 dis-

326 2443 472 2509 solvebat
498 2463 602 2525 neque
632 2463 691 2527 pes
721 2444 882 2509 instabilis
912 2445 1124 2509 membrorum
1153 2443 1276 2509 ruitura
1306 2444 1523 2509 sustentabat:
1558 2444 1664 2510 adhue
1693 2444 1790 2509 totius
1814 2444 1957 2528 corporis

324 2546 517 2613 infabricata
538 2565 647 2612 massa
668 2549 825 2631 torpebat.
876 2548 936 2631 (28)
966 2546 1057 2625 Quae
1078 2547 1113 2611 in
1136 2545 1312 2613 festivitate
1327 2546 1398 2613 cius
1414 2546 1498 2611 intra
1514 2547 1681 2613 basilicam
1698 2547 1802 2630 posita
1817 2569 1889 2614 cum
1904 2548 1957 2612 in·
1977 2569 2009 2611 ao

325 2651 413 2735 genti
437 2650 546 2716 favore
569 2651 814 2735 expectantibus
837 2651 984 2716 omnibus
1007 2657 1058 2716 est
1080 2658 1196 2716 erecta.
1237 2651 1275 2715 ln
1297 2650 1393 2715 unius
1415 2657 1523 2715 antem
1549 2671 1679 2735 corpore
1694 2651 1851 2715 miracula
1866 2651 1961 2736 plura

325 2754 498 2840 conplevit.
544 2755 718 2821 Attenuata
746 2775 887 2838 genuum
909 2754 1049 2837 vestigia
1071 2754 1247 2836 roboravit,
1281 2754 1425 2838 linguam
1449 2754 1606 2837 rigentem
1629 2753 1831 2820 flexibilitate
1854 2761 1886 2819 et
1908 2754 1960 2819 fa-

325 2858 447 2925 cilitate
476 2857 565 2923 vocis
593 2858 729 2943 aptavit,
765 2858 807 2923 ad
831 2878 923 2924 usum
946 2858 1078 2924 lanificii
1101 2858 1225 2924 debiles
1248 2858 1408 2941 quondam
1431 2859 1557 2942 palmas
1580 2858 1734 2940 armavit,
1770 2858 1961 2924 liniamenta

326 2960 486 3028 viscemm
507 2960 613 3044 gratia
628 2960 673 3045 pii
689 2961 830 3027 muneris
846 2961 1011 3026 animavit.
1063 2962 1126 3044 (29)
1153 2960 1336 3045 Aliquando
1351 2968 1445 3028 vetus
1460 2961 1570 3026 infans
1585 2961 1619 3024 in
1634 2962 1732 3026 verba
1746 2962 1900 3047 prorupit,
1927 2969 1960 3027 et

325 3063 413 3148 quod
441 3071 492 3129 est
521 3063 726 3148 conspicuum
754 3084 832 3129 voce
860 3064 964 3150 prima
989 3064 1083 3129 lactis
1106 3065 1261 3130 alimenta
1283 3065 1452 3147 quaesivit.
1501 3065 1585 3148 Ergo
1608 3071 1643 3129 ut
1665 3066 1748 3131 tales
1771 3066 1859 3131 cibos
1882 3072 1958 3130 ante
1978 3087 2010 3129 aa

326 3168 435 3234 omnia
455 3173 618 3253 posceret,
652 3166 729 3250 quid
750 3167 841 3233 aliud
863 3167 957 3233 datur
978 3166 1143 3252 intellegi,
1169 3168 1233 3234 nisi
1255 3168 1383 3251 quando
1405 3176 1520 3235 sanata
1542 3175 1607 3250 est,
1642 3175 1718 3233 tunc
1740 3168 1830 3253 prium
1853 3168 1958 3234 credi-

327 3270 429 3338 disset
452 3289 487 3337 se
509 3263 622 3337 nascit

255 3375 304 3441 XI
417 3375 478 3460 (30)
505 3375 574 3441 Nec
595 3374 678 3441 illud
699 3381 765 3440 tam
788 3373 885 3440 fidele
907 3373 1094 3458 mysterium
1110 3375 1272 3441 oblivione
1287 3376 1385 3441 noxia
1400 3376 1616 3442 subtrabatur.
1661 3376 1775 3458 Itaque
1800 3396 1871 3441 eum
1895 3375 1960 3441 duo

326 3478 542 3562 negotiatores
571 3477 614 3543 ad
635 3477 723 3544 beati
744 3477 912 3543 basilicam
935 3477 1147 3544 occurrissent
1169 3477 1325 3545 babentes
1348 3479 1483 3544 formam
1506 3499 1599 3545 cerae
1623 3479 1715 3560 quasi
1739 3479 1903 3545 socialiter
1926 3478 1959 3544 in

327 3601 511 3666 commune,
548 3581 677 3665 quidam
707 3601 748 3647 ex
778 3580 829 3645 his
857 3580 1030 3663 alloquitur
1060 3582 1214 3664 alterum,
1248 3590 1284 3648 ut
1312 3603 1384 3649 eam
1414 3583 1474 3648 etsi
1504 3589 1571 3648 tam
1599 3602 1731 3666 parvam
1760 3604 1828 3648 rem
1850 3590 1959 3649 mmen
1980 3608 2010 3645 :ro

326 3692 416 3752 tauto
440 3684 616 3752 confessori
639 3685 692 3751 vel
715 3685 852 3750 libenter
874 3684 1033 3750 offerrent.
1075 3684 1142 3750 Sed
1163 3685 1197 3751 in
1219 3705 1347 3751 cassum
1371 3705 1431 3751 sua
1453 3686 1553 3752 verba
1574 3686 1608 3750 in
1630 3688 1737 3751 animo
1754 3687 1833 3752 socii
1847 3687 1962 3752 nolen-

326 3790 369 3857 tis
398 3789 563 3875 expendit.
617 3790 691 3873 lpse
719 3797 827 3855 tamen
855 3809 927 3855 oum
958 3789 1085 3872 collega
1114 3807 1171 3854 sno
1200 3789 1234 3855 in
1265 3790 1408 3855 oratione
1438 3790 1665 3874 prosternitur,
1699 3810 1805 3856 ceram
1837 3791 1961 3856 occulte

327 3899 402 3960 ante
416 3892 574 3960 tremendi
591 3892 755 3978 sepulchri
771 3893 931 3958 cancellos
947 3893 1089 3976 exponit.
1132 3893 1191 3975 (31)
1211 3894 1286 3958 Mox
1301 3892 1346 3958 ad
1360 3913 1486 3959 omnem
1502 3893 1730 3978 aequalitatem
1747 3912 1840 3958 cerae
1856 3892 1961 3978 ipsius

327 3997 452 4083 speeies
474 4016 510 4063 se
533 3996 644 4063 divisit
666 4003 713 4078 et,
747 4003 839 4082 parte
862 3995 950 4061 illius
972 3994 1078 4060 fidelis
1102 3996 1254 4062 oblatoris
1277 4004 1423 4081 acceptu,
1459 4015 1535 4081 pars
1556 3997 1659 4062 altera
1681 3995 1865 4062 videntibus
1887 3997 1961 4081 pln-

327 4101 416 4167 rimis
439 4100 597 4167 volvendo
620 4119 721 4183 usque
745 4099 788 4164 ad
809 4099 894 4165 alios
916 4100 1078 4165 cancellos
1100 4107 1180 4165 nutu
1204 4100 1314 4166 divino
1336 4121 1408 4165 cum
1432 4099 1517 4165 omni
1533 4099 1727 4165 contumelia
1743 4107 1792 4165 cst
1807 4100 1953 4183 repulsa:
1980 4126 2011 4165 aa

328 4205 421 4288 quasi
452 4204 564 4270 nolens
593 4209 723 4269 sanctus
753 4202 924 4286 invadere,
960 4202 1046 4284 quod
1073 4204 1157 4269 alter
1177 4203 1227 4268 illi
1250 4205 1386 4270 devotus
1408 4224 1471 4269 non
1494 4203 1625 4283 obtulit,
1660 4203 1809 4286 quoniam
1834 4222 1963 4286 semper

327 4307 492 4375 abhorruit
521 4305 608 4389 quod
638 4326 678 4371 ex
699 4305 764 4371 fide
787 4327 850 4371 non
872 4306 974 4387 venit,
1009 4313 1073 4372 tam
1098 4314 1202 4373 certus
1225 4307 1258 4373 in
1281 4307 1402 4373 indicio
1425 4327 1521 4390 quam
1544 4305 1723 4371 misericors
1746 4305 1851 4371 estin
1873 4313 1957 4371 voto.

331 4412 394 4495 (32)
422 4410 449 4476 0
472 4430 568 4493 quam
590 4409 842 4493 incorruptibilis
865 4410 984 4474 arbiter
1006 4410 1121 4476 clareti
1158 4409 1283 4475 Castior
1299 4416 1348 4476 est
1363 4411 1424 4475 iste
1438 4410 1472 4475 in
1489 4409 1724 4475 examinatione
1740 4408 1851 4474 iudicii
1865 4429 1961 4492 quam

326 4514 361 4579 in
376 4513 532 4581 electione
547 4511 659 4577 florum
675 4512 732 4577 illa
746 4533 830 4596 quac
846 4534 952 4579 ceram
968 4520 1058 4578 casta
1073 4513 1232 4598 producit.
1276 4516 1336 4596 (33)
1358 4515 1449 4578 Tunc
1463 4513 1572 4596 itaque
1587 4514 1644 4578 ille
1659 4513 1715 4595 qui
1731 4513 1845 4578 offerre
1860 4512 1963 4577 noluit

328 4617 463 4684 admissi
493 4616 633 4682 criminis
663 4636 698 4682 se
727 4623 809 4682 teste
840 4616 991 4682 confusus
1019 4624 1052 4682 et
1072 4617 1208 4682 inmensi
1231 4617 1362 4702 pudoris
1385 4624 1475 4683 reatu
1499 4618 1686 4700 perculsus,
1720 4615 1833 4681 videns
1856 4615 1917 4680 sibi
1939 4636 1960 4680 a
1980 4643 2011 4683 ιο

327 4720 436 4787 radice
464 4739 543 4786 suae
572 4719 786 4786 conscientiae
815 4727 925 4786 tantae
954 4720 1161 4806 turpitudinis
1191 4722 1361 4807 opprobria
1387 4721 1586 4807 pullulasse,
1620 4720 1707 4786 etin
1730 4720 1847 4786 faciem
1870 4739 1961 4785 suam

335 4906 417 4913 ..n-.—

415 5016 526 5067 thila
639 5013 768 5082 tractauit]
788 5018 878 5065 streult
895 5017 918 5064 A
1030 5015 1192 5067 ltonetlaeo
1213 5017 1255 5078 Gl,
1275 5019 1398 5067 tonatiaco
1420 5013 1462 5076 (12,
1484 5019 1658 5076 tomeeiugoA
1774 5016 1927 5066 bmannG

329 5101 452 5171 adtractu]
469 5118 590 5153 uenarum
609 5103 668 5155 odd.
685 5105 708 5152 A
812 5105 919 5153 arefacto
937 5100 1065 5170 discursu]
1082 5119 1110 5153 ec
1128 5105 1234 5154 nemeto
1252 5105 1372 5153 discussio
1391 5105 1414 5152 A
1527 5103 1624 5165 lquod
1648 5102 1679 5151 0¹
1794 5096 1962 5168 Sperenrrit]

329 5193 451 5255 processit
469 5192 492 5239 A
604 5205 653 5253 quo
670 5187 851 5257 praecesserat]
869 5193 896 5241 in
915 5205 964 5253 quo
982 5197 1134 5254 processerat
1152 5192 1174 5237 A
1290 5192 1428 5253 9poenam
1447 5191 1470 5238 A
1588 5191 1619 5239 lll
1638 5187 1676 5256 et]
1695 5204 1742 5240 om.
1760 5192 1783 5239 A
1894 5192 1962 5238 beati

329 5279 401 5327 hilari
423 5277 465 5338 01,
485 5281 586 5327 beatum
603 5278 720 5327 hilarium
742 5275 775 5327 0²
882 5278 909 5328 ll
931 5292 992 5328 nuce
1009 5292 1051 5327 ore
1069 5278 1092 5325 A
1196 5279 1349 5327 anundum
1370 5278 1413 5340 (0)
1520 5278 1655 5326 abscondet
1674 5278 1697 5325 A
1805 5277 1834 5326 l'l
1855 5290 1959 5336 camere,

330 5367 357 5413 ln
375 5366 453 5414 litura
470 5366 580 5414 umeG
684 5364 714 5414 21
736 5378 827 5428 pauore
845 5366 868 5412 A
971 5360 1069 5432 eutem]
1086 5380 1135 5415 om.
1150 5367 1173 5413 A
1278 5364 1309 5415 23
1328 5360 1436 5430 optauit]
1455 5364 1570 5425 adaptata
1588 5365 1663 5411 estA
1767 5365 1863 5413 debiles
1881 5376 1962 5425 quon·

330 5451 386 5501 dam
404 5452 499 5515 palmes
517 5448 634 5518 armauit]
652 5451 743 5500 debilis
761 5453 887 5514 qnondam
903 5458 998 5501 armata
1016 5460 1055 5501 est
1074 5465 1163 5500 manns
1182 5453 1204 5499 A
1341 5450 1374 5500 24
1392 5453 1503 5499 animeta
1521 5456 1583 5499 sunt
1601 5450 1624 5497 A
1745 5453 1772 5498 ln
1791 5446 1878 5516 uerba]
1897 5451 1963 5497 inter

330 5543 443 5587 cateruas
461 5538 485 5586 A
597 5537 631 5588 26
649 5539 756 5587 credidit
773 5539 796 5585 A
913 5537 946 5588 28
965 5553 997 5587 ne
1016 5540 1039 5587 A
1153 5538 1182 5587 31
1204 5543 1278 5587 tantu
1301 5536 1342 5599 0¹,
1365 5543 1462 5588 tantum
1481 5538 1504 5585 A
1618 5535 1650 5584 32
1670 5533 1762 5602 cerem]
1780 5537 1847 5584 illam
1865 5536 1923 5584 udd.
1939 5536 1962 5583 A

330 5622 363 5674 33
382 5625 535 5688 exposnltA
640 5624 673 5676 36
691 5626 770 5673 nollet
785 5625 826 5687 (A)
933 5624 964 5674 37
984 5626 1081 5673 lanuto
1095 5626 1242 5687 misericors,
1263 5638 1311 5672 om.
1326 5626 1401 5672 estA
1505 5621 1538 5672 39
1557 5618 1696 5688 ln]om.G
1800 5629 1963 5685 custampro·

332 5712 442 5759 duxitA
529 5708 646 5777 illeJom.
661 5713 684 5759 A
788 5712 821 5762 to
840 5707 957 5778 seteste]
972 5708 1014 5776 6²,
1029 5713 1072 5760 sed
1086 5712 1133 5760 late
1150 5711 1190 5773 0¹,
1207 5712 1321 5759 sicteste
1335 5712 1358 5757 A
1447 5711 1617 5772 percussnsA
1721 5708 1752 5758 41
1775 5711 1962 5771 pullulassetA
