4374 6186
959 413 1129 470 VENANTI
1147 411 1369 471 FORTVNATI

692 601 810 667 divinis
832 602 953 668 intenta
976 603 1085 679 bonis,
1111 603 1265 670 alimenta
1286 604 1489 689 ministrans,

776 725 840 788 qna
863 706 1009 771 mercede
1032 707 1136 789 magis
1159 726 1194 772 se
1217 707 1353 774 satiasse
1375 708 1474 773 videt.

690 807 773 874 haec
796 808 873 873 data
894 816 966 894 post
987 810 1107 875 obitum
1132 810 1253 877 faciunt
1274 831 1399 895 quoque
1421 811 1532 877 vivere
1554 810 1712 877 iunctm:

606 928 635 970 ao
777 911 877 975 forma
900 911 982 995 perit
1004 912 1186 993 hominum,
1211 933 1286 978 nam
1308 913 1478 979 benefacta
1499 918 1640 979 manent.

690 1032 825 1098 corpora
846 1014 953 1098 pultis
976 1024 1069 1081 erunt
1090 1023 1123 1081 et
1143 1036 1234 1081 mens
1256 1017 1311 1101 pia
1331 1015 1422 1082 floret
1444 1017 1476 1082 in
1498 1037 1595 1083 aevo:

776 1117 882 1182 omnia
904 1126 1107 1202 praetereunt
1129 1127 1256 1203 praeter
1276 1140 1385 1185 amare
1408 1119 1514 1185 deum.

691 1218 804 1285 ortana
826 1228 901 1285 tunc
922 1221 1015 1286 ariae
1039 1221 1155 1287 studiis
1177 1222 1320 1287 adolevit
1341 1223 1467 1307 opimae

776 1324 872 1407 inque
894 1324 965 1389 looo
986 1332 1081 1390 natae
1104 1325 1208 1410 neptis
1230 1324 1343 1391 adulta
1364 1326 1435 1391 fuit.

607 1443 637 1484 ³⁵
691 1426 805 1492 tertius
827 1447 847 1490 a
869 1427 993 1493 decimo
1016 1436 1051 1492 ut
1072 1428 1155 1493 hanc
1177 1428 1313 1513 primum
1335 1435 1504 1513 acceperat
1524 1447 1645 1512 annus,

776 1529 912 1595 traditur
933 1538 1040 1615 optato
1063 1531 1244 1596 consociata
1265 1532 1349 1611 viro,

689 1631 841 1697 nobilitas
863 1632 897 1696 in
918 1640 1015 1717 gente
1038 1653 1097 1698 sua
1119 1633 1171 1699 cui
1193 1633 1281 1699 celsa
1302 1633 1444 1716 refulsit,

776 1744 872 1817 atque
895 1736 962 1801 suis
984 1736 1106 1801 meritis
1128 1736 1258 1803 additur
1278 1737 1361 1802 alter
1381 1738 1491 1803 bonor.
1669 1730 1689 1775 ⁹

691 1837 812 1917 dulcis,
840 1858 956 1917 ovans,
982 1839 1116 1919 alacris,
1143 1839 1258 1905 studiis
1279 1847 1391 1906 ornata
1412 1841 1576 1906 iuventus:

606 1959 636 1999 ro
777 1940 862 2025 quod
885 1950 997 2008 natura
1021 1943 1148 2026 nequit,
1173 1943 1279 2008 littera
1298 1951 1447 2029 prompta
1469 1944 1568 2010 dedit.

690 2052 755 2110 tres
780 2064 923 2110 meruere
945 2051 1054 2110 tamen
1075 2045 1176 2110 iuncti
1198 2065 1367 2130 superesse
1389 2067 1447 2131 per
1468 2066 1568 2113 annos

777 2147 988 2232 coniugioque
1010 2168 1068 2214 suo
1091 2149 1186 2214 corde
1209 2149 1330 2234 ligante
1353 2149 1426 2215 frui.

688 2252 782 2317 ambo
805 2271 899 2335 pares
921 2251 1028 2317 animo
1049 2259 1123 2317 voto
1145 2271 1202 2337 spe
1226 2253 1368 2318 moribus
1390 2260 1463 2319 actu

779 2361 1000 2436 certantesque
1023 2354 1085 2420 sibi
1107 2362 1212 2421 mente
1236 2355 1350 2421 decore
1372 2354 1445 2422 fide.

605 2475 636 2515 ra
691 2463 833 2541 tempore
855 2457 919 2522 iam
942 2464 1026 2522 certo
1049 2465 1099 2522 est
1120 2457 1216 2522 enixa
1238 2478 1397 2543 puerpera
1417 2458 1557 2543 prolem,

778 2558 895 2624 damno
918 2559 985 2625 ieta
1007 2578 1082 2624 suo.
1108 2580 1191 2642 quae
1214 2560 1367 2644 pariendo
1389 2561 1482 2646 perit.

691 2662 831 2747 abripuit
853 2670 996 2727 teneram
1019 2662 1123 2727 subito
1145 2682 1229 2728 mors
1250 2663 1361 2728 invida
1384 2664 1533 2747 formam,

776 2785 877 2830 annos
898 2766 1016 2850 quippe
1039 2765 1136 2848 duos,
1162 2766 1263 2831 lustra
1285 2765 1427 2849 gerendo
1448 2767 1522 2832 bia.

693 2867 740 2933 sic
761 2868 901 2932 animam
923 2888 1083 2951 generans
1105 2869 1213 2933 anima
1236 2869 1391 2954 spoliatur
1412 2876 1444 2935 et
1465 2869 1555 2955 ipsa,

608 2990 637 3030 uo
780 2990 870 3055 spem
892 2972 1016 3056 peperit
1037 2971 1103 3037 luci
1125 2973 1197 3037 lnce
1219 2979 1358 3056 negante
1380 2972 1454 3037 sibi.

694 3074 876 3158 exemplum
899 3074 958 3140 sed
979 3073 1069 3139 triste
1092 3074 1183 3140 dedit
1203 3073 1307 3140 fetura
1328 3075 1472 3160 parenti:

777 3175 862 3242 unde
884 3176 988 3242 redire
1010 3177 1109 3259 solet,
1135 3176 1243 3243 delicit
1263 3177 1340 3243 inde
1362 3198 1475 3262 genus.

691 3279 806 3344 tertius
829 3299 900 3345 esse
923 3287 1014 3365 pater
1036 3280 1185 3365 cupiens,
1211 3280 1292 3361 beu,
1318 3281 1407 3346 solus
1429 3280 1580 3346 habetur:

781 3402 922 3448 crescere
945 3403 1007 3466 qno
1030 3402 1181 3449 numerus
1203 3383 1330 3465 debuit,
1357 3403 1431 3449 ecce
1453 3383 1549 3449 cadit.

609 3507 639 3547 ss
695 3505 771 3549 nam
792 3491 903 3571 partus
926 3506 998 3550 cum
1020 3494 1121 3552 matre
1142 3485 1243 3571 perit,
1269 3485 1432 3552 nascendo
1455 3487 1617 3571 sepultus,

778 3589 824 3653 nil
849 3589 946 3655 vitale
969 3589 1119 3669 trahens,
1145 3596 1239 3654 natus
1261 3589 1295 3654 in
1316 3609 1370 3654 ore
1392 3585 1492 3655 necis.

693 3691 767 3775 plus
791 3691 918 3756 inerant
939 3691 1015 3773 soli,
1043 3692 1071 3756 si
1092 3699 1168 3757 tuno
1189 3691 1259 3757 sine
1280 3692 1370 3776 prole
1392 3691 1544 3758 inissent:

778 3788 890 3860 addita
911 3793 1081 3880 posteritas
1103 3794 1236 3860 abstulit
1256 3794 1290 3860 id
1312 3794 1398 3876 quod
1420 3802 1499 3859 erat.

651 3914 661 3933 ⁸
691 3896 843 3963 infaustis
863 3898 945 3963 votis
967 3897 1095 3981 genitus
1118 3897 1158 3963 de
1181 3896 1293 3964 funere
1315 3897 1426 3964 matris

609 4022 638 4063 co
781 4009 813 4067 et
835 4000 982 4085 genetrix
1003 4007 1078 4066 nato
1101 3999 1211 4067 mortis
1234 4001 1322 4085 origo
1345 4000 1416 4066 fuit.

693 4105 777 4170 alter
797 4105 831 4169 in
853 4104 985 4170 alterius
1007 4103 1098 4170 letali
1120 4111 1204 4169 sorte
1226 4103 1397 4190 pependit,

778 4206 875 4291 inque
897 4206 1001 4273 vicem
1024 4205 1086 4272 sibi
1107 4226 1181 4272 mox
1202 4206 1296 4272 ambo
1317 4205 1436 4272 dedero
1458 4226 1580 4273 necem.

695 4309 753 4374 sed
775 4309 876 4375 sensit
897 4309 1045 4393 graviora
1066 4308 1180 4375 dolens
1201 4316 1293 4394 pater
1314 4316 1410 4393 atque
1431 4309 1580 4392 maritus,

780 4413 834 4496 qui
856 4414 956 4496 gemit
977 4433 1040 4479 uno
1061 4412 1149 4478 obitu
1172 4432 1206 4477 se
1229 4411 1385 4497 sepelisse
1408 4411 1498 4477 duos.

608 4536 638 4577 ca
695 4536 752 4600 pro
774 4516 906 4581 vixdum
928 4516 1036 4599 genito
1058 4515 1208 4580 lacrimas
1229 4515 1294 4580 iam
1317 4515 1413 4580 soluit
1433 4515 1580 4597 humato,

777 4619 857 4684 vidit
879 4619 963 4702 quod
986 4617 1093 4698 fleret,
1120 4639 1183 4682 non
1205 4617 1290 4700 qnod
1312 4618 1445 4683 baberet
1465 4638 1564 4683 amur.

427 4965 587 5018 diuturnis:
608 4969 735 5016 uittas.
757 4965 861 5015 im.P
964 4963 996 5014 28
1015 4964 1143 5013 uidestA
1247 4961 1278 5012 29
1296 4958 1421 5029 iunctam]
1439 4978 1453 5011 a
1471 4965 1551 5012 ima
1573 4967 1586 5011 1
1601 4979 1634 5012 m.
1656 4963 1683 5025 P,
1704 4966 1791 5016 functa
1809 4968 1838 5030 F,
1857 4969 1935 5017 funus
1954 4969 1983 5016 ΙΙ

356 5051 386 5103 31
408 5067 499 5101 aenum
518 5055 565 5101 ΡΗ
667 5052 699 5103 33
717 5052 866 5116 orphanaL
970 5053 1012 5099 ani
1030 5050 1155 5099 ”studiis
1169 5050 1195 5112 0,
1216 5052 1272 5100 sula
1290 5057 1333 5099 ast
1350 5049 1442 5098 studiis
1460 5050 1498 5098 uel
1515 5052 1573 5098 ania
1590 5056 1615 5098 at
1633 5051 1724 5100 studiis
1737 5049 1771 5098 0¹
1875 5051 1907 5101 35
1926 5057 1979 5101 tar·

355 5140 409 5187 rius
427 5136 451 5184 P
551 5139 635 5188 hacR
739 5138 857 5189 unuoaP
959 5136 992 5186 36
1010 5136 1133 5186 obtatoP
1237 5135 1268 5185 3'l
1287 5132 1363 5203 celsa]
1381 5142 1447 5184 certa
1464 5135 1493 5182 ii
1605 5135 1638 5186 38
1656 5137 1757 5186 additus
1775 5139 1841 5187 altus
1859 5139 1936 5188 bonor
1954 5139 1982 5186 H

357 5223 389 5273 39
408 5221 508 5291 alacris]
526 5224 598 5273 lactis
619 5224 641 5271 P
751 5228 857 5274 iuuenta
874 5225 901 5271 H
1020 5223 1053 5272 40
1073 5222 1165 5285 nequid
1183 5222 1206 5268 R
1312 5228 1424 5285 prompta
1442 5218 1584 5288 GLWW]
1602 5217 1719 5285 prumpti
1739 5220 1858 5284 cuum,
1878 5228 1979 5286 prumta

357 5308 427 5371 PMl,
447 5317 582 5374 psuompta
600 5310 633 5358 Αἱ
738 5309 839 5360 41-98
858 5324 906 5358 cm.
921 5309 950 5356 Η
1049 5308 1093 5359 41.
1112 5307 1144 5358 42
1164 5305 1250 5356 om.P
1351 5307 1384 5356 42
1400 5309 1495 5368 ligante
1514 5303 1642 5375 Duum]
1659 5309 1758 5370 legante
1776 5307 1912 5370 Acmon,
1939 5311 1979 5381 lg-

355 5395 461 5445 tantali
550 5396 592 5445 45.
608 5395 641 5446 46
660 5396 745 5444 om.P
829 5397 862 5445 45
881 5393 942 5462 ium]
960 5394 1022 5444 lai)
1107 5391 1275 5443 enexaACM
1353 5392 1387 5443 49
1405 5392 1759 5456 ipso,sedoi.rca.1m.P
1837 5394 1870 5443 50
1888 5409 1974 5458 spem:

355 5485 467 5544 parca.
484 5480 584 5532 im.P
685 5481 785 5544 peritP
888 5481 918 5530 51
939 5481 1059 5530 iuturaP
1163 5477 1195 5528 52
1213 5480 1305 5529 deiecit
1317 5478 1380 5527 P¹M
1481 5475 1551 5546 tude]
1569 5476 1683 5528 ιιιιοοθ1
1788 5479 1819 5531 53
1837 5482 1942 5543 patrari

354 5567 430 5617 enP
549 5570 581 5618 54
599 5583 654 5618 ecce
676 5564 728 5635 ΕΡ]
744 5583 800 5635 asse
818 5569 872 5618 rell.
996 5567 1027 5616 55
1046 5566 1169 5616 nascendo
1190 5565 1269 5614 ΟΡΜι
1385 5564 1417 5614 56
1436 5566 1521 5613 nescis
1540 5563 1586 5624 Μῐ,
1606 5568 1688 5615 nescis
1710 5564 1739 5614 ΡΙ
1856 5566 1886 5616 57
1906 5562 1980 5633 tunc]

354 5660 405 5701 tum
424 5654 469 5703 BL
589 5655 693 5705 iuisslnt
714 5653 734 5702 C
754 5655 803 5715 (sed
821 5657 899 5704 ultera
917 5657 926 5702 i
944 5658 962 5705 i.
983 5670 1031 5703 rus.
1054 5659 1065 5702 1
1085 5655 1130 5715 m.)
1153 5653 1175 5700 P
1312 5651 1343 5701 58
1362 5651 1475 5700 abstullit
1493 5650 1522 5698 Ρ1
1545 5651 1594 5712 (sed
1611 5654 1703 5702 ultimo
1720 5654 1768 5701 titt.
1789 5655 1806 5702 i.
1826 5667 1877 5703 rua.
1901 5657 1911 5700 i
1930 5654 1977 5715 m.)

322 5718 328 5734 ι’
352 5737 388 5788 60
406 5741 516 5800 genitrix
535 5739 557 5788 L
660 5740 762 5791 oa-os
780 5756 828 5790 om.
845 5742 865 5789 P
