4374 6186
407 387 536 452 XXXII
1105 386 1334 441 PROOElllVlI.

406 611 594 696 Symbolum
627 610 711 675 inter
738 609 903 675 Fortunati
936 629 1035 694 opera
1068 610 1248 696 recepimus
1281 630 1385 693 neque
1420 630 1497 677 vero
1526 611 1627 677 alium
1658 611 1798 678 codicem
1828 610 2034 677 adhibuimus

405 737 533 817 praeter
552 731 744 798 Bohiensem
768 729 944 796 Muratorii.

404 872 433 936 A
560 869 672 937 Codex
694 867 924 935 Ambrosianus
947 867 985 934 Ο.
1012 870 1075 931 212
1105 868 1183 954 Sup.
1209 868 1483 952 membranaceus,
1509 869 1631 945 formae
1652 876 1795 952 octavae,
1832 889 1917 936 saec.
1943 869 2030 951 VIII,

611 974 667 1040 fol.
689 979 812 1038 14-15
838 972 1027 1058 Symbolum
1042 971 1131 1056 quod
1146 971 1262 1038 dicitur
1275 973 1532 1040 Athanasianum
1547 972 1699 1054 continet;
1728 972 1770 1039 ci.
1788 972 2029 1051 Reifferscheid,

611 1077 812 1144 Bibliotheca
841 1082 966 1161 patrum
996 1075 1181 1142 Latinorum
1204 1098 1236 1161 p.
1263 1077 1314 1140 37.
1367 1075 1498 1143 Librum
1520 1076 1712 1143 Muratorius
1736 1078 1759 1142 l.
1784 1078 1806 1143 l.
1833 1100 1865 1163 p.
1891 1080 1953 1141 224
1983 1076 2033 1142 his

609 1182 718 1248 verbis
750 1179 937 1266 descripsit:
977 1200 1032 1243 nos
1066 1184 1097 1243 in
1127 1178 1333 1244 Ambrosiana
1362 1182 1545 1246 Bibliotheca
1577 1203 1638 1245 non
1667 1185 1795 1246 minoris
1822 1184 2034 1265 praestantiae

612 1288 747 1349 Codicem
771 1289 838 1348 MS.
864 1304 1025 1349 servamus
1054 1305 1070 1348 e
1098 1285 1210 1349 celebri
1234 1285 1417 1349 Bibliotheca
1439 1286 1583 1349 Bobiensi
1607 1289 1639 1350 in
1666 1295 1804 1349 nostram
1831 1288 1967 1365 illatum,
2002 1288 2033 1347 in

610 1411 668 1474 qna
692 1390 864 1472 Symbolum
888 1391 971 1472 lepos
994 1391 1076 1452 omni
1098 1398 1198 1452 tamen
1221 1391 1417 1472 inscriptione
1440 1391 1626 1454 destitutum.
1673 1388 1824 1456 Codicem
1848 1407 1972 1453 summa
1993 1387 2034 1450 li-

609 1490 778 1558 beralitate
801 1511 905 1575 neque
928 1491 997 1558 sine
1018 1492 1101 1558 bono
1124 1491 1229 1559 fructu
1252 1530 1294 1539 -
1315 1493 1399 1558 inter
1420 1492 1486 1559 alia
1507 1493 1606 1559 verba
1629 1492 1715 1559 enirn
1738 1515 1769 1578 p.
1795 1496 1866 1573 106,
1885 1504 1901 1554 e
1924 1512 2032 1555 resur-

607 1617 679 1681 pere
700 1597 809 1660 habent
832 1600 864 1660 in
886 1597 1063 1680 corporibus
1085 1600 1152 1661 suis
1174 1607 1203 1662 et
1230 1617 1251 1662 a
1273 1595 1444 1663 Muratorio
1472 1596 1701 1682 praetermissa
1729 1616 1747 1662 e
1777 1595 1887 1662 codice
1912 1593 2032 1660 addere

607 1698 768 1786 potuimus
790 1737 832 1746 -
854 1700 1037 1785 petentibus
1059 1699 1153 1767 nobis
1175 1699 1305 1766 Ceriani
1326 1721 1357 1765 v.
1376 1700 1417 1766 cl.
1443 1700 1657 1768 bibliothecae
1680 1701 1864 1786 praefectus
1887 1698 2029 1765 contulit.

487 1838 675 1922 Symbolum
696 1837 952 1904 Athanasianum
978 1858 1051 1905 eum
1082 1837 1202 1904 centies
1232 1837 1353 1905 editum
1378 1838 1433 1920 sit,
1466 1858 1524 1905 nos
1547 1838 1794 1908 Muratcrianam
1817 1844 1940 1904 tantum
1963 1835 2033 1902 edi-

402 1960 520 2027 tionem
543 1958 726 2026 laudamus:

557 2083 726 2160 Maratcri,
759 2080 912 2144 Aneedota
942 2101 985 2144 em
1013 2078 1234 2143 Ambrosianus
1263 2081 1454 2145 bibliothecae
1480 2082 1631 2146 codicibus
1659 2103 1740 2145 nunc
1767 2085 1901 2164 primum
1930 2090 2028 2160 eruta,

606 2185 774 2248 Mediolani
795 2187 889 2265 tdd8,
916 2182 957 2264 ll,
986 2185 1058 2263 225,
1085 2202 1180 2266 qnam
1202 2185 1299 2247 Luchi
1319 2203 1352 2267 p.
1374 2187 1433 2250 184
1461 2185 1512 2268 (=
1536 2188 1636 2270 Mipne
1656 2183 1870 2266 LXXXVIII,
1895 2204 1928 2268 p.
1954 2183 2027 2264 585)

610 2285 770 2373 repetivit.
819 2285 973 2370 Reliquas
995 2286 1050 2370 qui
1073 2284 1154 2351 scire
1177 2286 1247 2368 vult
1268 2286 1357 2370 legat
1378 2286 1477 2353 libros
1500 2287 1806 2373 praesentissimos:

558 2393 658 2472 Halm,
685 2391 850 2455 Bibliotbeh
872 2392 929 2454 der
952 2391 1088 2474 Symbale
1109 2391 1174 2453 und
1198 2392 1455 2475 Glaubensrepeln
1478 2393 1534 2455 der
1556 2395 1637 2456 alten
1653 2393 1772 2472 Kirche,
1798 2394 1931 2472 Breslau
1948 2394 2008 2453 tet
2012 2394 2030 2452 7

554 2494 673 2682 Schhlss
700 2495 886 2662 ¹ihted’ereeds
909 2598 945 2680 of
961 2599 1173 2679 christendom,
1199 2600 1277 2662 Nero
1303 2599 1378 2661 l'orh
1401 2586 1497 2681 't877‚'
1524 2598 1566 2682 11,
1593 2602 1646 2663 66.

794 2925 888 3009 XIV.
921 2922 1156 3010 EXPOSIIIO
1184 2925 1308 3008 Fllllll
1336 2924 1633 3008 carnencas.

468 3099 727 3205 ¹Ilupositionem
754 3115 831 3182 fidei
854 3114 1030 3182 catholicae
1052 3115 1261 3196 Muratorius‚
1294 3114 1499 3181 Ambrosiani
1521 3115 1643 3182 codicis
1664 3115 1846 3182 testimonio
1869 3116 1958 3181 nisus
1980 3116 2030 3181 in-

264 3237 268 3245 ’
399 3240 526 3324 scripti:
560 3243 634 3303 Item
655 3241 804 3321 eupcsr'tia
822 3238 896 3319 fidei
916 3237 1078 3300 catholicae
1101 3239 1278 3317 Fortunati,
1312 3237 1485 3302 Fortunato
1513 3236 1634 3302 tribuit.
1682 3236 1762 3302 Cum
1789 3243 1896 3304 autem
1920 3236 1953 3302 in
1968 3233 2029 3303 ‘co-

399 3362 470 3429 dice
493 3361 550 3427 fol.
569 3355 619 3423 26¹
643 3359 785 3444 genuina
807 3357 975 3423 Fortunati
998 3356 1158 3442 expositio
1181 3357 1319 3443 symboli
1341 3356 1507 3442 apostolici
1535 3357 1710 3440 (Fortunati
1730 3357 1837 3443 Opera
1851 3358 1877 3440 I,
1901 3380 1934 3443 p.
1953 3361 2024 3441 253)

399 3483 590 3569 praecedat:
623 3484 734 3565 Incipit
755 3482 904 3563 capasiae
927 3501 947 3542 a
972 3482 1136 3542 Fortunata
1155 3479 1324 3562 presbitero
1346 3481 1535 3562 conscripta,
1569 3477 1664 3544 facile
1694 3477 1762 3544 fieri
1792 3485 1913 3563 potest,
1949 3487 1984 3544 ut
2011 3501 2029 3545 e

399 3603 580 3671 coniectura
601 3608 725 3669 tantum
748 3599 898 3666 librarius
920 3599 1004 3666 hanc
1026 3619 1152 3683 quoque
1174 3597 1251 3664 fidei
1275 3597 1452 3665 catholicae
1474 3597 1706 3684 expositionem
1721 3598 1887 3665 Fortunati
1902 3600 2029 3665 nomine

398 3723 568 3791 ornaverit.
616 3722 718 3789 Luchi
752 3740 830 3788 sanc
863 3722 923 3788 hoc
957 3720 1145 3805 opusculum
1179 3740 1201 3785 a
1226 3721 1402 3786 Fortunato
1436 3718 1649 3802 abiudicavit:
1687 3722 1875 3804 qaorumffl),
1913 3720 2024 3804 inquit,

398 3849 564 3911 sententiae
585 3854 620 3909 ut
641 3865 737 3908 meam
761 3844 938 3927 adianpam,
962 3843 1042 3924 facit
1063 3843 1160 3924 stylus
1182 3843 1308 3906 nitidior
1328 3852 1356 3905 et
1370 3844 1490 3923 cultior,
1516 3861 1594 3925 quae
1609 3843 1641 3903 in
1656 3842 1711 3904 illa
1727 3843 1866 3924 Emporit.
1885 3850 2024 3924 apparet,

398 3988 491 4052 qnam
513 3969 567 4052 qui
584 3968 652 4051 fere
674 3975 744 4030 erat
762 3966 932 4047 familiaris
956 3966 1129 4026 Fortunato.
1178 3961 1326 4028 Gieseler
1346 3981 1490 4047 quoque,
1524 3960 1855 4045 Kirchengeschichte
1877 3960 1908 4025 II
1931 3962 1948 4045 §
1976 3963 2024 4043 12,

399 4086 586 4173 quaestione
614 4085 795 4170 dogmatica
818 4082 1018 4165 examinata,
1053 4082 1283 4168 expositionem
1307 4090 1378 4168 post
1400 4083 1607 4148 Fortunatam
1630 4081 1842 4166 conscriptam
1866 4102 1939 4147 esse
1962 4089 2029 4147 sta-

398 4208 473 4290 tuit,
508 4214 677 4294 propterea
705 4204 791 4291 quod
818 4210 929 4270 auctor
958 4202 998 4269 de
1020 4203 1173 4288 Symbola
1195 4203 1415 4270 Athanasiano
1445 4202 1538 4286 quasi
1567 4203 1609 4268 ab
1632 4201 1869 4268 universalem
1892 4203 2030 4269 ccclesia

399 4336 526 4414 recepto
550 4328 617 4412 egit
639 4335 671 4394 et
693 4326 791 4392 verba
810 4329 930 4410 filioque
952 4323 1127 4390 defendere
1150 4332 1282 4391 conatus
1305 4332 1365 4390 est.
1406 4324 1511 4389 Vnum
1535 4330 1668 4405 constat,
1695 4322 1937 4408 Expositioncm
1955 4329 2029 4388 ante

318 4500 321 4516 .
399 4472 432 4517 a.
458 4451 520 4514 799
554 4450 750 4516 elaboratam
784 4467 874 4529 esse,
911 4465 974 4530 quo
1009 4451 1134 4511 scutum
1168 4444 1280 4511 mundi
1312 4444 1485 4511 miliarium
1518 4444 1686 4528 impletum
1720 4445 1835 4528 est⁴¹);
1873 4444 1915 4508 ci.
1947 4443 2030 4509 infra

400 4592 432 4656 p.
454 4575 525 4654 109,
547 4581 577 4634 1:
607 4573 637 4635 id
659 4580 703 4634 est
726 4573 757 4633 in
781 4572 837 4632 isto
859 4578 946 4632 seoeto
970 4568 1113 4648 miliario,
1141 4570 1173 4631 in
1195 4586 1252 4650 qno
1274 4588 1356 4631 nunc
1377 4587 1494 4630 sumus.

486 4710 513 4774 ll
535 4708 627 4775 libris
649 4728 747 4773 manu
770 4704 898 4790 scriptis
921 4724 1000 4788 quos
1023 4703 1169 4770 novimus
1192 4723 1275 4770 unus
1296 4703 1423 4788 integer
1444 4711 1493 4770 est

401 4831 429 4895 A
557 4828 667 4896 Codex
690 4825 921 4892 Ambrosianus
943 4825 986 4890 M.
1014 4828 1054 4889 79
1077 4824 1157 4911 Sup.
1190 4825 1274 4908 (olim
1297 4825 1336 4905 Q.
1363 4827 1414 4909 98)
1442 4844 1528 4889 saec.
1554 4824 1700 4908 XIlXH,
1733 4822 1787 4905 qui
1818 4823 1901 4889 inter
1923 4831 2030 4887 cetera

605 4932 687 4998 haec
720 4929 875 4996 continet:
910 4927 965 4994 fol.
993 4924 1141 4994 26’-28’
1164 4927 1405 5014 llxpositionem
1429 4925 1590 5011 Synhali,
1625 4947 1720 5010 quam
1747 4926 1830 5007 Leo,
1864 4926 2029 4990 Fortunati

607 5034 692 5121 Opp.
711 5035 738 5117 Ι,
757 5055 789 5119 p.
809 5034 871 5096 253
894 5031 1004 5114 edidit,
1033 5032 1088 5098 fol.
1108 5029 1249 5099 test-29
1273 5036 1346 5097 Item
1369 5035 1435 5096 alia
1458 5034 1606 5114 emporitio
1630 5031 1715 5094 simb.
1756 5031 1921 5094 Simhalnm
1943 5053 2030 5114 prece

608 5142 702 5216 latine
724 5140 864 5202 inditium
887 5174 929 5184 —
948 5137 1079 5219 fideliter
1094 5140 1158 5201 sice
1170 5139 1310 5219 firmiter,
1336 5134 1393 5200 fol.
1412 5137 1538 5199 29-30
1562 5139 1636 5198 Item
1652 5137 1718 5198 alia
1733 5137 1882 5216 conpositio
1898 5135 2027 5197 simhoh'.

612 5245 751 5306 Tradunt
779 5243 910 5304 rnaiores
941 5244 1040 5304 nostri
1059 5277 1102 5289 ·-
1132 5242 1175 5304 ad
1197 5244 1292 5304 vitam
1316 5248 1474 5303 aeternam
1493 5260 1552 5322 per
1573 5242 1673 5302 Iesum
1699 5240 1850 5301 Christum
1875 5241 2029 5301 (laurinum

607 5356 760 5426 nostrum,
794 5342 849 5409 tol.
877 5338 926 5407 30'
952 5347 1109 5426 Emporitio
1137 5346 1286 5408 orationis
1316 5344 1494 5406 dominicae.
1542 5344 1688 5405 Dominus
1711 5350 1812 5405 noster
1834 5345 1888 5423 qui
1908 5351 2029 5404 orantes

715 5522 813 5529 -—.

488 5627 530 5687 40)
551 5627 688 5675 Auctorem
707 5625 763 5674 scil.
784 5625 843 5673 hist.
864 5625 914 5672 litt.
936 5623 1141 5685 Francogalllcae,
1162 5625 1206 5673 sed
1224 5624 1306 5673 locum
1326 5636 1375 5671 non
1393 5622 1485 5686 reperi.

487 5712 530 5775 41)
552 5714 592 5763 Gi.
614 5713 698 5761 Neues
715 5711 807 5760 Archiv
825 5710 872 5775 IX,
892 5724 918 5772 p.
941 5708 997 5760 136.
