4374 6186
982 420 1211 486 Puooufflvn.
1832 420 1913 486 XIII

285 668 304 713 0
331 646 441 713 codice
463 642 677 710 Escorialensi
706 640 827 726 primus
854 640 974 723 adieci,
1006 643 1221 734 intellegitur:
1255 653 1382 714 Domiuo
1411 655 1515 711 sancto
1544 655 1571 710 et
1599 647 1770 728 apostolicis
1796 647 1914 708 000000

195 789 197 792 ·
289 768 532 832 reverentissime
551 763 767 847 praeeouaudo
788 763 895 825 domno
911 767 1081 831 Domitiano
1100 791 1204 855 popae
1219 774 1408 834 Fortunatus
1430 776 1540 832 vester.
1579 763 1792 848 Domitianus,
1818 783 1914 846 quem

207 965 209 973 y
285 909 316 954 a.
342 889 405 951 569
429 884 514 951 diem
537 883 656 950 obiisse
679 881 794 966 ferunt,
821 882 964 949 conciliis
987 886 1162 956 Parisiensi
1183 892 1233 956 III
1254 895 1326 976 post
1348 908 1379 955 a.
1406 890 1469 953 550
1492 891 1525 953 et
1546 884 1725 952 Turonensi
1746 885 1779 951 11
1801 905 1831 950 a.
1851 887 1913 950 507

285 1005 442 1075 interfuit.

371 1127 466 1195 Vitae
480 1122 590 1191 Albini
605 1122 781 1208 Gregorius
797 1123 994 1191 Turonensis
1009 1125 1042 1192 in
1059 1128 1171 1197 Gloria
1186 1130 1278 1198 (toni.
1297 1151 1325 1197 c.
1346 1133 1386 1195 94
1405 1127 1458 1194 his
1477 1124 1586 1193 verbis
1605 1124 1799 1193 mentionem
1820 1124 1913 1192 fecit:

286 1249 415 1314 Albinus
442 1257 542 1311 autem
569 1247 737 1329 consessor,
771 1249 858 1309 curus
884 1267 983 1330 cuper
1010 1252 1090 1314 vitoe
1117 1251 1193 1314 leber
1219 1273 1239 1314 a
1262 1255 1427 1316 Fortuuato
1456 1258 1501 1314 est
1522 1251 1710 1332 conscriptus
1733 1248 1913 1331 presbitero,

286 1373 453 1434 obtereret
482 1371 559 1451 ipse,
591 1368 769 1450 00ρο0110010
798 1370 917 1448 merito,
951 1388 1041 1433 strum
1070 1373 1188 1435 urendi
1215 1374 1374 1436 miracula
1396 1371 1438 1433 ad
1469 1369 1672 1453 sepulchrum.
1720 1366 1816 1433 Liber
1844 1385 1916 1432 cum

287 1489 427 1575 scriptus
450 1487 493 1553 sit
514 1506 545 1553 a.
572 1489 646 1568 587,
680 1491 754 1572 post
781 1506 900 1552 anuum
927 1496 1034 1555 autom
1058 1493 1122 1554 590
1144 1492 1186 1558 ab
1209 1499 1339 1559 auctore
1361 1490 1414 1557 hic
1435 1489 1503 1555 illic
1526 1488 1759 1573 suppletns¹⁶),
1790 1493 1917 1572 tempus

286 1631 349 1696 quo
371 1609 446 1676 Vita
475 1606 651 1693 composita
679 1612 729 1672 est
758 1613 908 1674 accurate
929 1609 1059 1691 quidem
1083 1611 1297 1678 circumscribi
1320 1632 1384 1678 non
1406 1616 1527 1695 potest,
1562 1608 1621 1675 sed
1643 1608 1779 1694 primam
1802 1627 1918 1674 eume

286 1732 460 1797 Fortunato
489 1726 651 1794 conditam
680 1745 769 1809 esse,
803 1747 821 1794 e
851 1729 983 1814 prologo
1011 1731 1212 1816 intellegitur
1239 1732 1333 1818 (infra
1354 1753 1388 1817 p.
1412 1734 1463 1812 28,
1489 1731 1553 1813 3ι);
1586 1750 1671 1814 quem
1698 1729 1920 1793 adscribendi

287 1857 396 1916 seriem
422 1870 477 1914 uec
503 1858 619 1912 uotura
642 1851 797 1931 profluum
824 1869 878 1912 uec
904 1852 1081 1916 litteratura
1104 1853 1277 1936 facundum
1304 1874 1359 1916 uec
1386 1855 1448 1935 ipse
1474 1870 1687 1934 usquequaque
1709 1869 1796 1913 usus
1819 1848 1919 1911 reddit

287 1975 477 2056 capedituru3
505 1968 547 2036 01.
572 1968 681 2051 Ebert,
708 1967 900 2036 Gcscbichte
923 1971 980 2037 der
1002 1971 1398 2040 christlich-lateinischen
1420 1970 1581 2037 Literatur
1603 1970 1629 2053 1,
1656 1976 1730 2034 515.

374 2089 564 2175 Gregorium
588 2088 767 2155 Turonicae
796 2089 953 2157 ecclesiae
982 2091 1168 2179 episcopum
1199 2093 1304 2160 Vitam
1328 2091 1456 2172 Albini,
1490 2110 1588 2175 quam
1609 2091 1803 2156 Fortunatus
1832 2107 1920 2154 com-

288 2214 406 2301 posuit,
445 2211 647 2295 ‘scriptorum
674 2209 761 2275 vitiis
790 2208 855 2275 iam
885 2231 989 2296 paene
1019 2211 1229 2297 depravatam
1259 2233 1337 2280 suae
1366 2210 1567 2278 auctoritatis
1590 2210 1706 2297 peritia
1729 2207 1917 2276 correxisse’

287 2335 321 2401 iu
351 2332 490 2419 epistola
512 2330 673 2396 Germano
695 2329 889 2396 Parisiorum
920 2330 1070 2418 episcopo
1099 2333 1177 2399 data
1205 2334 1324 2418 legitur
1352 2332 1482 2418 quidem
1492 2333 1547 2416 ¹²),
1580 2331 1640 2398 sed
1661 2351 1702 2398 ea
1723 2330 1789 2397 iam
1812 2330 1920 2395 nullus

289 2454 415 2521 dubitat
435 2451 513 2534 quin
534 2450 609 2517 ficta
632 2450 673 2516 sit
694 2452 735 2516 ab
759 2451 972 2534 ArchunaIdo,
1000 2452 1055 2536 qui
1078 2474 1109 2519 a.
1135 2456 1198 2519 905
1220 2455 1310 2520 iussu
1332 2453 1486 2519 Rainonis
1509 2451 1755 2536 andegavensis
1777 2448 1920 2535 episcopi

290 2575 397 2642 Vitam
418 2571 559 2638 Maurilii
585 2592 606 2636 a
628 2571 831 2656 Magnobodo
853 2572 1062 2658 compositam
1083 2574 1281 2658 recognovit.
1328 2573 1418 2640 Idem
1441 2573 1578 2640 fortasse
1600 2571 1707 2640 Vitam
1730 2569 1840 2636 Albini
1862 2590 1921 2637 ex-

289 2695 415 2781 polivit,
449 2713 523 2758 nam
553 2690 656 2758 codex
679 2692 942 2776 Patriciacensis,
979 2694 1069 2761 cuius
1097 2694 1243 2778 Ruinam,
1279 2693 1427 2778 Gregorii
1449 2693 1531 2779 Opp.
1558 2692 1665 2759 Praei.
1691 2713 1739 2759 nr.
1767 2696 1807 2759 80
1830 2710 1921 2757 men-

289 2817 409 2883 tionem
437 2813 529 2894 fecit,
562 2813 595 2877 in
625 2811 733 2878 verbis
762 2812 893 2880 desinit:
927 2817 1063 2898 duplicis
1091 2819 1155 2880 vita
1183 2816 1263 2880 beati
1290 2816 1395 2880 Albini
1422 2819 1584 2899 composita
1614 2836 1635 2876 a
1662 2814 1747 2877 beato
1776 2814 1921 2897 Greqorio

294 2940 464 3001 Turouicoe
484 2934 571 2997 urbis
594 2936 741 3017 episcopo.

379 3055 492 3122 Codex
514 3053 636 3137 unicus,
664 3052 719 3136 qui
742 3052 861 3119 librum
882 3054 1043 3139 integrum
1066 3054 1218 3138 continet,
1246 3062 1296 3122 est

290 3180 318 3244 E
448 3173 725 3254 Escorialensis¹⁸)
754 3174 846 3240 am
861 3178 914 3259 26,
940 3175 1061 3242 formae
1077 3184 1221 3258 octavae,
1248 3194 1335 3242 saec.
1353 3176 1385 3240 X
1407 3175 1564 3265 scriptura
1580 3174 1718 3259 vulgari,
1745 3195 1810 3241 non
1824 3173 1923 3240 Wisi-

497 3278 625 3362 gothica
648 3283 816 3358 exaratus,
849 3278 904 3363 qui
927 3277 1004 3344 folia
1029 3283 1090 3344 132
1113 3279 1262 3346 continet.
1310 3278 1425 3345 Insunt
1446 3280 1540 3347 Vitae
1563 3284 1596 3345 et
1617 3279 1773 3346 Miracula
1794 3277 1922 3343 Nicolai

497 3381 657 3466 Myrensis
685 3380 751 3464 (iol.
777 3378 931 3466 2'-42)‚
967 3382 1160 3466 Magnobodi
1183 3382 1429 3466 Andegavensis
1456 3382 1523 3468 [sol.
1550 3386 1706 3466 42-02),
1738 3380 1923 3448 Mauriliia

498 3483 699 3569 Magnobodo
722 3484 896 3570 composita
923 3484 1168 3571 (101.77-89),
1196 3485 1399 3569 0101011101.
1426 3483 1590 3572 89-99').

377 3607 484 3673 Vitam
507 3604 617 3670 Albini
640 3604 885 3670 101.100-104
909 3605 1066 3673 Miracula
1088 3606 1261 3693 excipiunt,
1288 3626 1421 3690 quorum
1445 3607 1580 3688 initium,
1608 3627 1679 3673 cum
1694 3604 1852 3672 ineditum
1867 3603 1918 3688 sit,

293 3727 455 3815 prooemio
477 3724 682 3792 inserendum
706 3743 778 3792 esse
801 3726 888 3792 duxi.

570 3849 782 3910 INCIPIVNT
802 3850 1005 3911 MIRACVLA
1032 3850 1134 3910 POST
1155 3849 1309 3913 OBITVM
1331 3850 1424 3912 EIVS
1449 3851 1640 3912 PATRATA.

422 3969 601 4032 SANGTVS
625 3969 855 4031 CONFESSOR
878 3971 1053 4032 ALBINVS
1075 3968 1337 4031 andecavensium
1356 3967 1500 4050 pontisera
1521 3971 1674 4053 eqreqius,
1700 3971 1787 4032 cuius
1809 3968 2006 4033 uobiiesr.1oo

336 4082 423 4136 octus
446 4072 611 4154 doctiloquo
631 4075 829 4154 prosequitur
851 4074 919 4136 stilo
935 4075 1132 4152 Fortunatus,
1158 4075 1224 4134 suis
1246 4074 1367 4155 maquis
1390 4071 1499 4135 obtinet
1521 4074 1638 4135 meritis
1661 4072 1703 4135 ad
1716 4073 1923 4137 roborandam

332 4179 422 4261 fidem
441 4176 624 4258 populorum
646 4174 771 4238 crebros
794 4176 836 4238 od
857 4196 947 4239 suum
970 4179 1097 4240 virtutes
1121 4177 1239 4239 ostendi
1259 4175 1463 4258 sepulchrum.
1503 4174 1689 4240 Aduenieute
1704 4176 1925 4261 1900000100-

335 4283 442 4345 uitatis
465 4282 530 4342 eius
553 4279 617 4358 die,
642 4298 721 4360 quae
742 4279 914 4343 celebratur
936 4282 1028 4343 estivo
1052 4289 1196 4361 tempore,
1230 4281 1331 4343 saucii
1350 4279 1535 4362 confessoris
1558 4281 1654 4344 locum
1673 4282 1830 4363 plurimae
1847 4280 1924 4363 fide·

337 4387 412 4448 lium
439 4383 715 4466 frequentaverunt
736 4391 873 4460 turmae,
905 4385 994 4447 meriti
1015 4387 1107 4446 ctiam
1129 4383 1267 4447 diversos
1290 4385 1454 4466 tauquores
1475 4383 1632 4462 babeutcs,
1662 4383 1753 4466 soma
1775 4386 1923 4448 virtutum

338 4490 404 4551 eius
427 4488 545 4566 audito,
573 4488 683 4549 salutis
706 4505 781 4549 suae
802 4496 1009 4550 marcuerunt
1029 4507 1138 4550 causa.
1178 4490 1263 4550 luter
1285 4506 1358 4569 quos
1381 4487 1505 4571 quidum
1528 4490 1581 4570 qui
1598 4489 1684 4572 louqo
1706 4496 1837 4571 tempore
1852 4489 1924 4552 lecto

336 4591 489 4655 dcusbous
517 4592 681 4673 iouqucrul
700 4591 908 4673 paralyticus,
938 4592 1058 4675 perdito
1080 4593 1212 4653 omnium
1234 4591 1437 4654 membrorum
1460 4593 1644 4671 ministerio,
1676 4590 1812 4655 cubiculo
1834 4592 1925 4674 offuit

336 4696 463 4759 aliatus.
511 4697 572 4771 Qui
597 4702 687 4756 totam
713 4701 826 4757 uectem
853 4695 966 4758 ducens
993 4697 1160 4758 iusomueru
1185 4697 1286 4757 saucii
1307 4697 1448 4777 patroui,
1480 4703 1516 4758 ut
1540 4697 1591 4758 sui
1615 4697 1812 4758 0000000100
1834 4714 1924 4779 seque

336 4798 374 4859 ab
401 4798 455 4860 boc
481 4796 652 4859 miserabili
673 4797 820 4880 torquere
843 4800 910 4861 suis
932 4800 1048 4861 sauctis
1070 4799 1186 4861 meritis
1210 4797 1368 4880 liberaret,
1399 4817 1466 4861 0000
1489 4818 1602 4882 maqrsa
1623 4798 1725 4863 cudis
1747 4800 1925 4862 coutribbue

335 4904 475 4982 pietatem
498 4900 659 4963 eucrobot.
704 4902 763 4962 Cui
780 4909 848 4982 post
870 4903 994 4985 viqilias
1016 4904 1113 4965 noctis
1132 4900 1211 4983 soris
1234 4903 1346 4964 iaeeuti
1365 4901 1422 4964 sub
1441 4899 1580 4982 fenestra
1602 4921 1680 4984 quoe
1701 4920 1790 4965 sucro
1812 4921 1924 4985 super-

337 5006 445 5067 emicet
470 5006 584 5067 umato
611 5012 639 5066 et
664 5007 768 5086 sopori
787 5004 885 5067 dedito
908 5007 940 5067 iu
963 5007 1027 5087 ipso
1050 5006 1112 5068 diei
1133 5006 1310 5086 crepruculo
1332 5004 1514 5090 01010000
1535 5004 1698 5088 habituque
1719 5006 1825 5069 clarus
1847 5007 1923 5070 osii-
1937 5021 1954 5065 r.
1969 5021 2012 5067 ror

338 5109 599 5187 1000000000,
630 5108 734 5170 diceus
757 5110 803 5170 ei:
839 5109 950 5188 Miser,
980 5129 1076 5192 quare
1099 5108 1236 5172 tamdiu
1260 5109 1433 5172 dormitas?
1471 5111 1505 5172 Vt
1525 5110 1599 5192 quid
1620 5113 1701 5172 ritae
1723 5118 1793 5172 tuae
1815 5129 1922 5174 00000

337 5211 485 5294 ueqiiqis?
509 5213 675 5274 Persevera
695 5213 727 5273 iu
743 5231 834 5294 prece
854 5220 881 5275 et
900 5232 960 5274 000
976 5212 1183 5294 frustraberis
1202 5214 1314 5276 solutis
1329 5231 1465 5276 000000.
1499 5214 1561 5289 Qui
1574 5214 1654 5276 euim
1665 5215 1740 5295 petit
1754 5214 1920 5297 occipit¹⁰),

385 5468 425 5530 16)
447 5469 486 5519 Gt.
508 5470 598 5533 script.
619 5471 677 5518 Rcr.
697 5470 788 5520 Moror.
811 5472 831 5530 1,
853 5485 877 5533 p.
898 5471 960 5522 455.

383 5553 421 5617 tu)
444 5553 484 5604 Gi.
504 5555 572 5604 infru
589 5570 615 5618 p.
637 5554 679 5606 82.

383 5639 423 5703 18)
445 5641 483 5692 Gi.
506 5641 589 5690 Neues
606 5641 701 5689 Archiv
720 5641 767 5704 Vl,
786 5656 811 5704 p.
832 5641 891 5692 25¹.

383 5726 422 5789 19)
443 5727 533 5777 biseth.
554 5728 614 5790 vll,
634 5725 659 5776 8.
