4374 6186
340 397 381 460 28
945 389 1116 445 VENANTI
1134 388 1354 444 FORTVNATI

339 584 380 649 de
409 583 623 648 sacratissimo
651 583 718 647 riro
741 582 857 647 Albino
886 588 992 647 vestro
1020 580 1170 645 antestite
1200 601 1256 644 666
1287 579 1403 645 1661666
1433 579 1572 644 tenuiter
1594 579 1804 656 mentionem,
1838 583 1874 641 ut
1897 575 1977 641 cius

338 687 422 770 vita,
454 708 536 771 quae
564 686 872 752 inmarcescibilibus
902 685 1024 750 meritis
1053 684 1166 748 llorere
1196 684 1347 767 probatur
1376 683 1570 748 caelestibus
1600 684 1746 766 inpressa
1774 681 1897 747 libellis
1927 680 1975 746 ad

338 790 591 856 aedificationem
623 790 728 876 plebis
757 789 904 854 humanis
935 789 1032 853 ctiam
1058 788 1122 851 tixa
1145 787 1335 851 conderetur
1357 787 1389 850 in
1414 786 1551 851 chartis:
1585 786 1706 870 duplici
1727 785 1883 850 beneficio
1909 804 1973 868 po-

337 895 423 980 pulis
454 894 667 969 consuliture,
700 893 774 958 dum
805 900 837 957 et
866 893 899 956 in
928 893 985 956 illo
1016 898 1183 956 cernerent
1211 890 1403 955 admiranda
1425 910 1507 971 quac
1531 890 1672 955 colerent
1694 889 1779 955 etin
1803 909 1837 954 se
1861 889 1973 972 respi-

337 1004 445 1064 cerent
467 998 551 1080 quod
575 997 793 1080 unusquisque
817 995 976 1078 sagaciter
999 994 1193 1075 emendaret,
1220 994 1253 1059 id
1276 1001 1326 1058 est
1349 993 1423 1058 dum
1447 994 1534 1077 apud
1557 1015 1653 1058 unum
1677 1000 1722 1059 tot
1743 993 1972 1076 praedicanda
1996 1013 2012 1052 s

337 1108 580 1185 cognoscerent,
615 1101 702 1185 apud
724 1120 759 1164 se
782 1119 928 1165 resecare
951 1098 1029 1163 vitia
1051 1098 1171 1180 singuli
1193 1119 1256 1162 non
1280 1097 1461 1177 differrent,
1489 1103 1648 1178 quatenus
1671 1104 1736 1162 tam
1759 1097 1854 1162 unica
1875 1097 1971 1162 beati

336 1206 395 1270 viri
418 1205 531 1270 relatio
554 1203 695 1268 medella
717 1202 847 1288 publica
869 1202 959 1267 fieret
982 1202 1192 1267 audientium.

280 1305 313 1370 II
425 1313 462 1388 (2)
490 1308 683 1390 intellegitis
707 1327 784 1371 sane
807 1307 959 1371 velociter
981 1306 1142 1388 fugientes
1165 1326 1185 1369 a
1209 1305 1337 1369 saeculo
1359 1303 1531 1369 memoriae
1555 1304 1693 1389 subripi,
1725 1305 1809 1370 etsi
1831 1305 1872 1369 de
1896 1304 1970 1370 vita

335 1412 527 1480 sanctissimi
558 1411 772 1493 neglegantur
801 1410 910 1492 aliqua
940 1410 1001 1474 cito
1025 1410 1155 1492 lapsura
1178 1408 1292 1472 litteris
1316 1409 1461 1490 alligari,
1496 1429 1559 1472 non
1582 1408 1677 1473 facile
1701 1428 1811 1474 rursus
1834 1409 1867 1473 in
1890 1409 1969 1474 ani-

335 1538 419 1582 mum
451 1515 551 1599 recipi
581 1515 667 1596 quod
697 1515 795 1578 semel
827 1514 983 1597 inceperit
1011 1512 1171 1577 oblivione
1200 1512 1353 1596 temporis
1383 1511 1554 1577 invadente
1585 1512 1731 1576 subduci.
1791 1516 1828 1593 {3}
1857 1512 2028 1576 Huius1o

334 1622 381 1687 rei
409 1621 553 1705 inpulsor
583 1618 712 1700 quidam
740 1617 941 1700 postmodum
971 1617 1124 1681 mandata
1152 1624 1280 1681 vestrae
1302 1615 1512 1680 beatitudinis
1535 1635 1698 1698 exequens
1720 1638 1740 1681 a
1763 1637 1814 1681 me
1837 1616 1867 1680 61
1888 1616 1968 1699 qui-

334 1723 406 1789 dem
443 1743 617 1787 annuerem
647 1721 976 1803 inconperendinatim
1006 1720 1039 1784 id
1069 1719 1137 1784 fieri
1167 1719 1335 1801 flagitavit.
1392 1719 1479 1783 Illud
1508 1739 1583 1783 rero
1613 1719 1773 1802 adiciens,
1814 1726 1848 1785 ut
1877 1741 1967 1803 quae

333 1828 403 1912 ipsc
434 1826 474 1890 de
505 1825 606 1908 gestis
637 1825 740 1889 sancti
772 1823 830 1888 viri
854 1823 962 1887 Albini
991 1824 1082 1888 iuxta
1112 1823 1206 1888 fidem
1230 1830 1420 1908 conpererat
1442 1843 1479 1887 co
1502 1823 1684 1888 insinuante
1707 1822 1969 1888 indubitabiliter

309 1931 545 2016 propalarem,
573 1928 606 1993 in
629 1928 687 1992 hoc
711 1948 745 1992 se
769 1927 872 2010 magis
896 1926 1165 2008 querimoniarum
1189 1928 1271 1991 mole
1295 1927 1475 2005 conficiens,
1503 1948 1540 1992 eo
1563 1928 1648 2010 quod
1671 1948 1752 2010 quae
1775 1926 1967 2011 praedictus

334 2034 382 2099 vir
408 2033 530 2099 occulte
560 2031 690 2114 quidem
720 2032 778 2095 sed
809 2030 908 2113 digna
931 2031 1034 2094 relatu
1057 2038 1203 2113 gesserat
1226 2051 1283 2114 per
1305 2031 1449 2095 veritatis
1472 2031 1658 2114 indaginem
1681 2051 1740 2096 uec
1763 2031 1806 2094 ad
1828 2050 1868 2094 ca
1891 2029 1965 2094 sin·
1990 2046 2025 2086 ¹⁵

332 2139 410 2222 gula
439 2137 589 2201 meruerit
618 2136 784 2219 pervenire
815 2142 846 2199 et
875 2135 984 2217 aliqua
1014 2154 1049 2199 se
1079 2135 1119 2198 de
1149 2134 1285 2216 cognitis
1316 2143 1506 2200 memoraret
1535 2155 1555 2198 a
1586 2133 1739 2199 memoria
1762 2132 1963 2198 abolevisse.

338 2242 376 2324 (4)
403 2241 440 2305 In
470 2240 520 2303 his
549 2246 655 2304 autem
687 2239 740 2320 qni
771 2238 916 2303 meminit
946 2239 1015 2302 sine
1042 2238 1252 2320 ambiguitate
1277 2258 1334 2302 suo
1356 2238 1538 2303 testimonio
1561 2238 1715 2322 populum
1738 2236 1830 2300 nobis
1852 2235 1968 2301 attulit

331 2350 561 2421 assentantem,
589 2363 659 2407 curn
684 2348 768 2407 certe
792 2341 832 2406 de
856 2342 925 2407 eins
948 2341 1128 2425 praeteritis
1152 2341 1297 2407 dubitare
1321 2362 1383 2405 non
1406 2342 1503 2407 liceat
1524 2341 1579 2423 qui
1602 2347 1751 2425 operatur
1772 2338 1806 2403 in
1822 2338 1967 2421 singulis

331 2446 446 2513 cotidie
471 2447 617 2511 clariora.

259 2548 308 2614 ΙΙΙ
423 2554 461 2631 (5)
490 2549 738 2631 Congratulatus
769 2568 838 2612 sum
869 2549 1014 2630 relatori,
1049 2568 1087 2613 eo
1115 2548 1201 2631 quod
1231 2549 1272 2613 de
1303 2549 1418 2614 vestris
1447 2548 1649 2614 nutrimentis
1678 2548 1753 2612 talis
1775 2546 1824 2610 vir
1846 2545 1967 2612 adole·
1988 2562 2024 2605 2⁰

329 2653 428 2734 verit,
464 2653 517 2735 qui
546 2653 689 2716 iniuncta
720 2652 780 2716 sibi
811 2659 875 2716 tam
907 2658 1035 2717 strenue
1059 2661 1222 2736 peroraret
1244 2661 1276 2718 et
1300 2653 1340 2717 de
1363 2653 1491 2737 proprio
1514 2652 1637 2735 aliquid
1660 2673 1758 2718 eausa
1780 2654 1967 2719 venustatis

328 2777 391 2822 non
420 2757 661 2840 inconpetenter
689 2755 833 2835 offerret,
864 2756 961 2820 immo
985 2755 1124 2820 dilucide
1147 2756 1217 2839 ipse
1240 2777 1297 2840 per
1320 2776 1354 2821 se
1378 2757 1464 2838 quod
1486 2756 1617 2822 aliunde
1641 2763 1831 2840 poposcerat
1853 2757 1967 2841 expli-

329 2866 425 2925 caret.
475 2860 510 2923 Si
539 2857 670 2940 quidem
700 2859 856 2941 quidquid
885 2860 925 2924 de
956 2860 1011 2924 illo
1043 2860 1184 2937 elicitur,
1220 2860 1334 2925 vestris
1365 2860 1424 2924 hoc
1453 2860 1632 2944 praeconiis
1656 2860 1842 2944 deputatur,
1879 2880 1967 2942 666-

328 2964 414 3028 niam
445 2969 494 3028 est
523 2962 670 3026 meritum
700 2963 844 3044 magistri
874 2964 945 3027 laus
974 2963 1125 3046 discipuli
1148 2971 1180 3028 et
1201 2964 1338 3028 ministri
1361 2965 1476 3028 soleba
1498 2972 1572 3028 sunt
1595 2964 1735 3047 pontifici
1758 2971 1961 3030 ornamento.

334 3070 373 3149 (6)
401 3067 494 3144 Quod
525 3086 596 3130 cum
623 3085 683 3148 ego
707 3085 798 3129 meae
822 3066 1006 3148 exiguitatis
1030 3067 1175 3131 conscius
1199 3068 1356 3149 attingere
1379 3067 1588 3151 trepidarem,
1623 3087 1657 3132 re
1680 3088 1755 3131 reru
1778 3067 1833 3150 qui
1855 3087 1964 3134 nove·
1987 3083 2022 3125 2⁵

328 3169 387 3234 rim
418 3171 478 3234 hoc
508 3169 625 3234 debere
656 3168 808 3233 committi
835 3170 954 3233 exertis
977 3170 1122 3251 ingenio,
1158 3170 1305 3234 facundis
1329 3171 1473 3253 eloquio,
1508 3171 1631 3236 devotis
1655 3170 1779 3249 officio,
1814 3174 1966 3256 probatis

328 3273 418 3354 stilo,
446 3273 499 3356 qui
524 3279 597 3336 sunt
619 3292 716 3336 seusu
740 3272 872 3346 divites,
902 3272 1032 3353 linguae
1054 3279 1123 3337 rota
1145 3280 1319 3354 torrentes,
1348 3273 1504 3339 famulatu
1529 3276 1667 3356 celeres,
1700 3276 1839 3341 carmine
1863 3298 1965 3343 coru-

328 3384 473 3455 scantes,
507 3397 577 3441 curn
608 3383 681 3440 ante
710 3385 850 3440 restrum
881 3376 1027 3459 peritiam
1057 3376 1127 3459 ipsa
1151 3377 1315 3442 Ciceronis
1344 3385 1379 3442 ut
1401 3378 1545 3462 suspicor
1567 3379 1694 3462 eloquia
1718 3387 1881 3445 currerent
1903 3381 1964 3447 vix

327 3476 451 3560 secura,
478 3486 509 3544 et
531 3479 581 3544 cui
605 3479 692 3563 apud
716 3479 889 3544 Oeresarern
912 3481 1014 3543 ltoma
1037 3479 1161 3562 aliquid
1185 3480 1369 3545 deliberans
1385 3481 1576 3562 Aquitanico
1599 3483 1706 3548 iudice
1724 3483 1860 3548 forsitan
1877 3484 1964 3549 ear-

259 3585 304 3651 IV
327 3582 403 3646 liam
426 3581 626 3663 formidaret,
654 3583 862 3664 incongruum
886 3603 957 3647 csse
980 3584 1139 3666 persensi,
1171 3584 1175 3669 l
1201 3585 1287 3665 6661
1311 3606 1330 3648 6
1353 3605 1403 3649 me
1427 3584 1509 3649 infra
1534 3586 1696 3651 doctorum
1720 3587 1859 3670 vestigia
1881 3589 1961 3652 lati·
1984 3602 2017 3643 ³⁰

325 3693 413 3751 tante
444 3705 495 3750 res
524 3687 592 3751 alta
615 3686 845 3766 requireretur,
881 3707 975 3768 quem
1000 3687 1042 3750 ad
1065 3687 1224 3751 scribendi
1248 3688 1363 3753 scriem
1386 3709 1445 3753 nec
1468 3696 1582 3753 natura
1605 3690 1760 3774 profluum
1783 3712 1843 3756 666
1866 3691 1960 3757 11116-

325 3797 433 3854 ratura
457 3789 631 3855 facundum
655 3811 713 3854 nee
737 3791 806 3873 ipsc
831 3810 1060 3873 usquequaque
1086 3811 1161 3854 usus
1185 3791 1291 3856 reddit
1313 3793 1508 3875 expeditum,
1537 3812 1607 3857 cum
1633 3794 1692 3859 etsi
1709 3801 1780 3858 voto
1796 3795 1955 3877 traherer,

325 3893 373 3957 rei
396 3893 617 3976 magnitudine
642 3892 829 3972 deterrerer,
857 3893 933 3974 quia
956 3894 1133 3958 radiantem
1158 3895 1256 3958 vitam
1281 3896 1308 3958 si
1331 3895 1414 3979 pigri
1438 3897 1584 3962 relatoris
1608 3898 1711 3982 impar
1732 3898 1845 3980 lingua
1860 3920 1961 3983 prae-

325 3996 411 4061 dicat
439 3997 598 4062 obsoletat
626 4003 658 4061 et
680 3997 765 4079 quod
787 3996 980 4061 inluminare
1005 3998 1115 4062 debuit
1138 3998 1199 4061 lroe
1222 3999 1306 4063 nube
1331 4001 1487 4065 sermonis
1511 4002 1693 4080 abscondit,
1728 4001 1781 4065 ubi
1803 4009 1959 4084 ageretur

324 4099 460 4178 rectius,
494 4100 521 4162 si
552 4120 634 4181 quae
665 4100 705 4164 ab
737 4100 809 4163 aliis
841 4099 973 4183 poscitis
1004 4101 1073 4183 ipse
1104 4100 1254 4165 ederetis.
1308 4104 1345 4185 (7)
1375 4104 1464 4169 Vnde
1496 4111 1601 4170 certus
1630 4106 1783 4188 intellego
1810 4125 1873 4170 666
1897 4126 1958 4171 vos
1979 4120 2012 4159 ³⁵

323 4221 418 4285 posse
442 4202 623 4266 huiusmodi
647 4204 797 4286 quopiam
819 4204 978 4286 indigere,
1006 4204 1063 4267 scd
1087 4204 1120 4267 id
1143 4205 1285 4270 voluisse
1310 4215 1343 4271 ut
1367 4207 1406 4271 de
1430 4208 1610 4290 peregrinis
1626 4209 1723 4273 etiam
1738 4215 1847 4274 nostra
1863 4210 1957 4276 robis

323 4304 446 4386 aliquid
475 4305 605 4369 sitarcia
635 4327 697 4371 non
720 4314 869 4390 negaret,
905 4307 993 4372 velut
1016 4309 1043 4372 si
1067 4308 1235 4391 quicquam
1259 4310 1342 4374 inter
1364 4310 1473 4393 fruges
1496 4311 1637 4377 triticeas
1661 4312 1838 4378 sterilitatis
1862 4334 1957 4381 meae

323 4406 461 4471 ordiatia
480 4407 653 4472 conferant.
707 4413 744 4489 (8)
773 4411 866 4474 Nunc
889 4412 995 4493 itaque
1020 4431 1136 4475 caussas
1160 4413 1381 4496 ambiguitatis
1405 4413 1437 4477 in
1461 4415 1582 4479 arbitrii
1600 4423 1720 4481 statera
1735 4417 1949 4500 suspendens,

323 4509 408 4591 eligo
439 4511 574 4574 rusticus
604 4513 737 4594 agnosci
766 4534 822 4596 per
854 4514 1088 4578 oboedientiam
1120 4517 1223 4598 magis
1255 4537 1349 4598 quam
1380 4517 1550 4582 indevotus
1574 4518 1659 4584 effici
1681 4541 1739 4604 per
1761 4520 1949 4602 doctrinam,

321 4620 357 4678 ut
385 4614 475 4678 cuius
506 4613 653 4679 fastidire
677 4615 823 4699 poteritis
846 4617 1008 4698 eloquium
1033 4619 1147 4683 saltem
1170 4620 1355 4704 adprobetis
1378 4621 1546 4703 affectum,
1581 4628 1676 4689 etue
1700 4623 2008 4693 (611]161161166140
2060 4660 2063 4666 ·

408 4906 440 4956 29
460 4907 566 4967 0616111.
589 4912 648 4958 inst.
668 4912 700 4969 X,
722 4915 745 4971 l,
768 4915 834 4959 Ill:
854 4912 882 4962 O.
903 4927 960 4961 vero
979 4912 1108 4962 Caesarei
1127 4914 1295 4962 forotautnm
1314 4923 1441 4976 recesset,
1463 4931 1511 4964 666
1531 4918 1596 4965 61166
1615 4933 1646 4966 ex
1666 4920 1757 4969 nostris
1776 4924 1861 4968 contra
1879 4918 1953 4969 Clee-

320 5008 403 5043 rouem
423 4997 605 5045 nominaretur.

405 5271 577 5321 econamum
597 5274 618 5321 Ε
742 5275 769 5323 11
792 5276 822 5322 61
841 5276 864 5322 Ε
984 5280 1005 5324 61
1025 5276 1138 5346 661166]
1157 5283 1253 5342 scripsi,
1274 5282 1376 5342 616611
1396 5282 1426 5347 Ε,
1447 5283 1512 5344 6661
1531 5283 1621 5331 Suriae
1744 5285 1775 5336 13
1794 5285 1952 5355 conpererat]

319 5356 415 5418 Sarius,
436 5366 593 5421 computaret
612 5361 635 5407 Ε
757 5363 787 5413 17
806 5359 862 5429 661]
881 5363 909 5423 Ε,
931 5378 994 5424 6666
1015 5365 1101 5412 Suetius
1224 5366 1256 5417 23
1275 5366 1426 5435 praeconiis]
1445 5369 1545 5428 Serius,
1566 5372 1670 5430 premiis
1690 5372 1712 5418 F.
1827 5370 1861 5423 24
1879 5375 1951 5421 6116

318 5446 427 5492 ministri
446 5447 545 5494 solertia
564 5448 655 5496 Sarius
768 5453 893 5511 pontilicis
913 5459 1056 5500 ornamenta
1076 5453 1164 5502 Sarius
1293 5454 1325 5504 29
1344 5470 1411 5503 roma
1430 5457 1525 5517 aliquid
1545 5454 1702 5525 deliberans]
1720 5459 1748 5521 E,
1770 5473 1853 5507 romae
1871 5460 1951 5509 libere

317 5532 392 5580 licuit
409 5535 448 5580 uti
466 5535 557 5582 euriae
696 5537 800 5584 forsitan
820 5535 930 5604 galliam]
949 5539 975 5585 in
996 5541 1070 5599 gallia
1090 5541 1194 5588 forsitan
1214 5541 1303 5589 Serius
1443 5544 1475 5591 30
1497 5545 1662 5604 incongruum
1682 5559 1737 5595 csse
1755 5543 1881 5613 persensi]
1898 5560 1948 5597 orn.

317 5618 406 5666 durius
510 5617 590 5687 6661]
608 5623 670 5683 6611
689 5636 746 5682 ergo
766 5622 855 5671 Suriae
960 5623 1608 5698 316116(616]Ε,6661116866166,6666666161
1713 5630 1745 5682 38
1765 5629 1905 5700 66616661]
1925 5634 1948 5681 Β

317 5706 350 5754 40
368 5711 394 5754 61
412 5701 456 5774 66]
474 5707 520 5755 hoc
537 5714 621 5755 autem
641 5709 730 5757 Sarius
