4374 6186
834 415 927 471 1115
947 383 1284 471 511411451111151.
1834 421 1873 482 15

246 615 333 674 retnr
362 607 527 690 regalibus
557 606 718 672 thesauris
748 613 781 673 et
801 607 835 671 in
858 626 966 690 regem
989 604 1116 672 floreret
1136 605 1242 690 gratia
1265 605 1458 687 sucerdotis,
1494 605 1548 689 qui
1571 625 1663 672 suum
1687 606 1791 671 solum
1814 606 1874 672 hoc

250 711 388 777 credidit
409 711 495 792 quod
516 710 622 776 nudus
645 716 701 775 aut
723 729 846 793 egenus
869 709 1005 794 accepit.

340 816 399 897 (46)
427 813 493 879 Sed
522 821 720 879 revertamur
749 813 791 878 ad
820 813 976 878 ordinem.
1024 811 1162 889 Quidam
1191 811 1225 876 in
1248 812 1360 877 Exona
1388 812 1459 877 vico
1489 812 1529 878 de
1555 811 1719 878 fiscalibus
1743 811 1873 879 famulis
1895 811 1973 877 XIV

246 916 442 982 Gildomeris
465 917 592 982 nomine
615 937 687 982 cum
710 915 763 981 die
786 915 945 980 dominico
969 913 1122 998 quiddam
1146 924 1296 999 operatus
1319 915 1375 991 sit,
1405 915 1452 981 ita
1475 915 1671 981 contrahitur
1693 915 1813 999 digitis,
1841 924 1876 982 nt

214 1045 226 1082 5
246 1021 399 1104 unguium
429 1040 565 1086 acumen
594 1027 719 1104 partem
745 1018 894 1084 transiret
914 1018 949 1084 in
972 1019 1119 1083 alteram.
1173 1019 1234 1102 (47)
1261 1016 1326 1095 Qui
1348 1018 1491 1083 Parisius
1515 1027 1624 1085 sancto
1648 1019 1716 1084 viro
1739 1018 1875 1085 occunit

244 1123 279 1187 in
302 1125 455 1206 oratorio,
490 1130 522 1189 et
544 1125 687 1189 oratione
710 1124 802 1204 data,
837 1143 934 1188 manu
957 1127 1112 1207 peruncta
1134 1122 1223 1204 oleo,
1259 1140 1384 1205 ungues
1407 1120 1447 1186 de
1471 1121 1581 1207 palma
1603 1129 1761 1189 retractae
1785 1128 1871 1205 sunt,

246 1227 356 1310 digitis
379 1227 523 1292 redditur
545 1247 701 1310 organum
725 1235 757 1293 et
777 1227 811 1291 in
835 1227 965 1309 antiquo
988 1225 1093 1291 officio
1116 1245 1286 1290 nervorum
1310 1226 1377 1291 tela
1399 1225 1562 1291 retexitur.
1603 1226 1704 1304 Quem
1722 1225 1874 1291 clericum

245 1337 318 1414 post
340 1331 488 1396 effectum
512 1336 544 1395 et
565 1338 600 1395 ut
622 1331 782 1413 integrum
805 1329 930 1394 salvum
955 1327 1076 1394 faceret
1098 1335 1189 1412 peste
1212 1329 1361 1394 liberavit
1383 1335 1416 1393 et
1439 1329 1580 1395 crimine.

337 1435 397 1518 (48)
425 1435 548 1499 Rursus
578 1434 736 1516 quaedam
766 1434 881 1498 mulier
911 1433 1039 1498 nomine
1061 1433 1205 1498 Favonia
1234 1433 1266 1497 in
1298 1433 1376 1498 urbe
1399 1433 1562 1499 Parisiace
1584 1454 1643 1518 per
1665 1454 1779 1499 novem
1803 1433 1873 1499 dies
1895 1433 1955 1498 XV

197 1560 226 1602 ro
245 1538 425 1623 percipiens
454 1538 536 1602 nibil
569 1545 697 1622 praetor
718 1538 923 1623 pulticulam,
959 1557 1013 1602 ore
1036 1544 1146 1621 aperto
1169 1537 1299 1602 inhians
1323 1545 1432 1603 sancto
1455 1537 1523 1601 viro
1546 1537 1655 1602 oblata
1677 1544 1737 1602 est.
1784 1536 1875 1615 Quae

245 1642 335 1708 velut
364 1641 448 1707 ferro
480 1641 628 1726 opposito
651 1642 743 1705 nulla
766 1642 840 1722 lego
863 1647 987 1725 poterat
1008 1640 1143 1723 iungere
1167 1640 1281 1705 dentes
1304 1646 1361 1704 aut
1383 1641 1479 1705 labia.
1531 1641 1594 1724 (49)
1621 1640 1724 1718 Quam
1746 1640 1780 1705 in
1803 1659 1876 1705 ora·

244 1745 323 1811 torio
347 1765 438 1811 sacro
461 1765 665 1830 perunguens
688 1746 767 1825 oleo,
799 1745 928 1828 palpato
953 1742 1093 1827 undiquc
1116 1743 1221 1828 capite
1248 1742 1317 1807 sino
1341 1743 1492 1808 tarditate
1515 1743 1612 1809 saluti
1635 1743 1785 1809 restituit.

335 1851 397 1933 (51))
424 1848 551 1913 Accidit
581 1855 614 1912 ut
643 1849 753 1932 puella
781 1847 941 1929 quaedam
972 1847 1012 1912 de
1045 1847 1138 1912 domo
1161 1846 1307 1912 Mcdardi
1331 1845 1583 1929 hleglidononsis
1615 1846 1758 1912 familiae
1780 1845 1875 1911 filans
1898 1849 1975 1914 XVI

246 1951 298 2018 die
327 1951 486 2016 dominico
516 1958 678 2016 contracta
709 1972 805 2016 manu
829 1951 1034 2016 damnaretur
1057 1951 1229 2035 supplicio.
1277 1949 1349 2028 Qua
1372 1957 1517 2016 contacta
1540 1951 1610 2015 oleo
1633 1949 1735 2014 virtus
1757 1948 1877 2015 infudit

196 2080 225 2120 rs
245 2055 434 2120 remedium.
496 2056 557 2138 (51)
585 2056 667 2120 Η1114
697 2061 865 2139 stupentes
896 2054 989 2137 digiti
1018 2054 1160 2136 vigorem
1191 2053 1359 2139 pristinum
1388 2053 1594 2136 resipiscunt,
1634 2053 1768 2119 oblitum
1797 2052 1877 2118 artis

245 2157 385 2223 officium
408 2158 529 2223 reducti
551 2160 678 2224 articuli
702 2159 907 2239 meditantur,
937 2178 1052 2222 manus
1074 2175 1203 2223 ramosa
1225 2157 1418 2224 distenditur
1441 2164 1473 2222 et
1495 2164 1633 2242 purgata
1654 2156 1733 2222 vitio
1760 2156 1875 2221 dextra

247 2261 342 2326 saluti
366 2262 538 2328 reducitur.

334 2368 395 2449 (52)
425 2366 521 2431 Recte
550 2366 689 2431 creditur
717 2364 924 2431 inserendum
954 2364 1037 2429 illud
1068 2385 1195 2448 quoque
1224 2365 1425 2429 miraculum.
1474 2364 1648 2430 Bobolinus
1678 2364 1808 2447 quidam
1832 2362 1872 2429 de
1896 2366 1988 2433 XVII

245 2468 315 2534 vico
338 2469 493 2533 Noviomo
523 2470 732 2534 vehementer
760 2469 882 2533 inimici
913 2486 1071 2551 pervasus
1100 2468 1245 2550 insidiis,
1281 2468 1324 2534 ad
1353 2468 1513 2533 hominem
1536 2467 1588 2533 dei
1610 2468 1749 2534 vinculis
1770 2485 1873 2533 nexus

194 2594 225 2636 ao
245 2571 423 2653 adducitur,
450 2573 565 2638 rehelli
589 2573 700 2656 spiritu
723 2579 848 2637 rotatus
871 2571 1030 2637 excutitur
1052 2591 1111 2636 nee
1133 2572 1284 2637 lassatur.
1336 2574 1398 2655 (53)
1426 2570 1488 2649 Qui
1512 2579 1664 2636 exorante
1681 2583 1790 2637 sancto
1806 2571 1874 2636 viro

245 2675 338 2757 qnasi
369 2675 409 2740 de
443 2677 539 2758 longo
561 2676 676 2741 itinere
699 2675 741 2740 ad
764 2694 799 2740 se
824 2695 979 2758 suamquc
1002 2683 1142 2740 mentem
1166 2675 1302 2759 septimo
1325 2675 1378 2741 dic
1401 2675 1579 2740 revertitur.
1628 2674 1682 2740 Sic
1704 2674 1877 2759 dupliciter

245 2779 379 2844 liherato
408 2779 484 2844 dnm
513 2779 597 2861 fugit
626 2781 738 2845 umbra
767 2779 807 2844 de
838 2779 1003 2861 sensibus,
1038 2786 1153 2845 catena
1183 2779 1270 2845 cadit
1292 2777 1332 2844 414
1355 2779 1522 2860 manibus,
1557 2796 1656 2843 sanus
1679 2777 1821 2843 redditur
1842 2782 1875 2842 et

247 2883 382 2947 solutus.
1927 2879 1932 2894 '

337 2988 396 3067 (54)
424 2986 493 3050 Η44
521 2986 617 3051 4115111
648 2987 821 3052 memoriae
850 2987 919 3052 iure
948 2994 1102 3073 perpetuo
1131 2993 1181 3053 est
1207 2986 1410 3053 tradendum.
1457 2985 1596 3064 Quidam
1620 3005 1661 3050 ex
1683 2983 1872 3050 Nantharici
1893 2988 2001 3054 XVIII

196 3113 227 3154 15
246 3087 387 3169 familia,
416 3090 573 3174 separatis
596 3091 796 3155 abinvicem
819 3091 1022 3155 maxillarum
1046 3090 1214 3167 iuncturis,
1246 3110 1299 3156 ore
1322 3096 1433 3175 aperto
1457 3089 1499 3154 ad
1522 3089 1624 3154 virum
1647 3089 1776 3154 beatum
1798 3108 1873 3172 per-

245 3190 381 3257 ducitur.
433 3193 494 3275 (55)
523 3193 624 3270 Quem
648 3194 740 3277 signo
763 3194 866 3259 crucis
889 3194 1035 3278 inpresso
1058 3201 1091 3259 et
1114 3195 1247 3259 sanitati
1269 3194 1394 3260 reddito
1417 3193 1534 3274 vetuit,
1561 3212 1603 3258 ne
1625 3192 1785 3276 acciperet
1807 3191 1873 3256 vini

245 3303 354 3379 potum
379 3303 435 3361 aut
456 3296 563 3362 carnis
587 3296 742 3362 edulium.
790 3297 853 3375 Qui
876 3305 1047 3383 praecepto
1070 3299 1247 3383 postposito
1270 3298 1312 3362 ad
1334 3318 1477 3363 normam
1501 3297 1551 3362 sui
1575 3296 1742 3379 languoris
1764 3294 1872 3360 statim

245 3399 396 3464 reductus
426 3406 487 3465 est.
539 3405 599 3482 (56)
629 3401 694 3466 Sed
724 3422 765 3466 ne
794 3389 1046 3486 praevaricantis
1076 3402 1284 3485 neglegentia
1309 3402 1393 3466 iusto
1424 3402 1627 3466 subtraheret
1656 3399 1807 3482 gloriam,
1841 3398 1876 3463 in

246 3501 429 3586 Spedoteno
451 3504 531 3567 uilla
554 3521 663 3569 rursus
686 3504 716 3569 ei
739 3505 866 3570 oblatus
890 3513 949 3570 est.
998 3505 1098 3571 Cuius
1121 3506 1192 3569 loca
1214 3505 1418 3570 maxillarum
1442 3512 1552 3570 sancto
1574 3522 1781 3588 perunguens
1803 3503 1874 3568 oleo

195 3632 225 3671 14
245 3624 283 3669 ac
313 3606 418 3671 heatis
448 3607 595 3671 manibus
625 3615 766 3673 mentum
796 3607 1000 3690 adstringens
1031 3617 1062 3673 et
1092 3609 1197 3687 labia,
1235 3609 1353 3674 Christi
1383 3609 1511 3673 nomine
1540 3608 1688 3672 invocato
1718 3624 1874 3672 concussa

246 3708 366 3772 sanctis
390 3709 501 3791 digitis
523 3710 565 3774 ad
588 3729 622 3775 se
645 3711 794 3776 iunctura
816 3712 995 3791 revertitur,
1023 3731 1101 3777 suae
1126 3712 1200 3777 fidei
1224 3712 1337 3776 merito
1360 3713 1471 3776 salvus
1495 3711 1623 3777 domum
1646 3710 1817 3775 reducitur.

335 3815 397 3895 (57)
425 3812 506 3877 Item
530 3812 621 3878 fabor
636 3813 786 3896 Ligerius
807 3815 935 3880 nomine
958 3814 1129 3881 turholenti
1152 3814 1319 3880 daemonis
1342 3821 1489 3900 arreptus
1511 3813 1649 3893 insania,
1676 3814 1722 3878 ita
1743 3811 1874 3879 bestiali
1896 3813 1976 3879 XIX

245 3911 373 3979 feritate
396 3923 601 4000 proruperat,
631 3923 667 3982 ut
690 3918 811 3983 catenis
834 3919 918 3983 collo
942 3919 1153 4000 manibusque
1176 3919 1339 3984 revinctus
1362 3918 1417 3983 vix
1439 3918 1483 3983 ad
1505 3918 1590 3983 beati
1612 3917 1674 3982 uiri
1696 3917 1877 3982 traheretur

244 4017 479 4102 praesentiam:
515 4019 590 4084 inde
621 4020 851 4104 miserabilior,
885 4030 920 4087 ut
950 4022 1004 4105 qui
1028 4023 1209 4089 sustinebat
1230 4023 1270 4088 ab
1295 4023 1385 4087 hoste
1408 4021 1594 4087 violentiam
1617 4020 1682 4104 ipsi
1703 4019 1878 4085 adderetur

196 4148 226 4187 15
247 4120 350 4186 altera
380 4142 485 4206 poena
515 4143 573 4208 per
602 4124 741 4189 vincula.
794 4128 856 4208 (58)
884 4126 985 4204 Quem
1009 4133 1117 4191 tamen
1141 4126 1293 4190 sacerdos
1317 4125 1370 4191 dei
1393 4124 1480 4209 apud
1502 4145 1537 4189 se
1560 4124 1698 4208 imperat
1719 4123 1870 4189 detineri:

245 4232 278 4290 et
308 4225 390 4291 sicut
412 4227 547 4310 septimo
571 4227 624 4292 die
647 4227 728 4293 deus
750 4229 872 4310 quievit
893 4230 935 4296 ab
958 4250 1073 4314 opere,
1105 4230 1151 4295 ita
1174 4237 1206 4295 ct
1229 4249 1327 4313 opera
1349 4229 1402 4295 dei
1425 4235 1588 4294 transacta
1610 4227 1787 4294 ebdomade
1810 4226 1875 4293 eri-

244 4328 330 4413 pitur
352 4350 372 4395 a
395 4330 563 4396 daemone.
610 4332 651 4396 Et
674 4332 775 4397 sicin
797 4334 926 4418 propria
948 4334 1053 4399 redire
1076 4353 1208 4399 securus
1232 4333 1348 4398 meruit
1371 4334 1526 4398 liberatus
1549 4332 1590 4398 ab
1614 4332 1717 4397 hoste.

334 4433 397 4516 (59)
424 4434 550 4499 Waddo
580 4434 629 4499 vir
657 4434 793 4500 inluster
815 4437 940 4502 consilii
963 4437 1050 4520 regis
1073 4436 1234 4521 particeps
1255 4442 1368 4521 typum
1392 4435 1564 4520 dupliciter
1586 4436 1751 4502 incurrens
1774 4433 1873 4500 febris
1896 4436 1961 4502 XX

244 4544 276 4602 et
298 4535 444 4621 frigoris,
479 4538 709 4622 expurgandus
732 4541 836 4606 sancti
859 4541 919 4604 viri
943 4547 1170 4626 praesentatur
1192 4539 1369 4606 obtutibus.
1418 4540 1544 4606 Interea
1566 4539 1645 4605 hora
1667 4539 1763 4605 solita
1784 4537 1875 4604 febro

196 4665 227 4706 54
248 4660 421 4706 concussus
443 4641 647 4724 gravissima,
675 4649 710 4708 nt
731 4644 975 4727 refrigeraretur
997 4645 1050 4711 vel
1073 4665 1157 4728 aqua
1179 4645 1337 4710 instanter
1359 4645 1553 4730 expostulat.
1593 4642 1665 4721 Qua
1687 4641 1750 4708 sibi
1774 4641 1874 4707 dene-

242 4752 320 4828 gata
342 4745 375 4809 in
399 4743 502 4809 sancti
524 4745 685 4828 pontificis
709 4747 872 4814 insolescit
893 4748 1055 4814 iniuriam.
1107 4752 1168 4832 (60)
1196 4748 1253 4813 Vir
1270 4755 1379 4814 tamen
1402 4748 1455 4814 dei
1478 4754 1643 4814 contentus
1667 4752 1701 4811 ut
1716 4745 1875 4812 obtineret

242 4847 425 4930 victoriam,
459 4848 603 4913 oratione
633 4851 794 4935 explicata
819 4858 928 4936 potum
953 4853 982 4917 ei
1005 4853 1129 4918 donans
1151 4852 1184 4916 in
1208 4851 1332 4932 calida,
1367 4851 1527 4917 hominem
1550 4849 1715 4916 revocavit
1735 4849 1873 4915 salutem

242 4951 283 5015 ad
307 4952 474 5036 pristinam
498 4959 530 5018 et
552 4953 712 5019 inminens
735 4954 913 5038 periculum
937 4955 995 5020 tali
1017 4955 1140 5021 curavit
1162 4954 1325 5036 antidoto,
1356 4954 1478 5021 febrem
1502 4973 1618 5020 curans
1639 4973 1698 5039 per
1719 4952 1870 5019 calidum.

391 5166 402 5170 Δ.
435 5165 594 5173 --—...-..—.
610 5167 614 5171 .
626 5167 657 5171 ..-

329 5299 339 5348 1
363 5296 419 5365 1144]
437 5314 493 5348 5555
512 5300 571 5349 44111.
595 5303 616 5346 (l
755 5302 769 5350 4
789 5303 932 5362 gildomIres
951 5302 983 5349 Ρ1
1099 5305 1159 5366 quid
1179 5302 1211 5350 1²¹
1350 5301 1482 5362 crntegre
1504 5301 1526 5349 G
1666 5299 1694 5348 11
1715 5305 1831 5363 potuerat
1851 5300 1874 5349 P

244 5384 273 5436 13
292 5387 482 5446 miglldoneurlr
505 5386 526 5433 G
663 5388 759 5434 familia
780 5387 810 5434 Pl
953 5388 1083 5437 151114Ρ
1219 5388 1250 5440 21
1271 5388 1442 5451 4111411151Ρ1,
1471 5391 1528 5436 ttem
1547 5386 1616 5446 tnsra
1755 5382 1870 5435 2411511-

241 5469 342 5538 thcriei]
360 5472 414 5534 PG,
436 5487 470 5520 cn
488 5472 665 5534 Nemptodorit
686 5473 823 5536 (Noctem)
845 5473 975 5537 Mcbttton,
996 5475 1037 5522 aed
1055 5477 1124 5524 tomo
1142 5482 1195 5526 erut
1322 5474 1355 5524 25
1374 5480 1459 5537 aperto
1476 5488 1519 5523 ore
1537 5473 1560 5520 P
1679 5470 1712 5520 26
1731 5473 1832 5531 signum
1850 5470 1873 5517 P

241 5558 269 5607 31
292 5557 500 5607 5511154141114Ρ1
621 5559 653 5608 33
672 5561 795 5608 1411154115
814 5560 835 5606 Ρ
956 5562 987 5610 31
1008 5568 1034 5611 ot
1052 5558 1100 5629 514]
1118 5564 1205 5625 sicque
1227 5559 1261 5612 0²
1369 5557 1462 5627 redire]
1483 5557 1524 5619 6²,
1546 5559 1628 5607 ridere
1648 5557 1688 5619 ΡΙ,
1709 5552 1871 5606 155141515Ρῖ

239 5644 272 5694 38
291 5640 401 5709 unaddo]
419 5643 454 5703 es.
478 5646 549 5705 11154.
571 5646 635 5695 Hiet.
657 5647 697 5694 Fr.
724 5646 781 5708 VII,
803 5649 834 5695 27
985 5648 1175 5710 4414114411
1323 5647 1580 5708 rectractetur.
1721 5642 1870 5693 1441411111Ρ1

240 5733 272 5782 43
292 5733 370 5782 calida
390 5731 418 5778 Ρ1
