4374 6186
829 431 925 488 VITA
946 431 1083 488 strom
1101 431 1279 488 PATERNI.
1829 435 1868 496 37

242 631 322 703 rant,
351 623 520 704 Melanius,
548 621 744 688 Leontianus
761 629 793 688 et
807 622 907 706 Vigor
922 622 1074 707 episcopi,
1101 642 1159 706 per
1180 622 1408 687 revelationem
1432 642 1505 687 eum
1528 623 1757 688 ordinaverunt
1779 628 1871 688 ante-

243 728 360 793 stitem.
413 729 475 811 (47)
502 727 585 790 Tum
614 726 684 811 ipse
716 726 917 810 stupefactus
947 725 1006 791 sed
1035 725 1123 811 apud
1153 745 1188 791 se
1214 725 1371 809 retinens,
1404 725 1553 809 quamvis
1575 733 1651 793 tunc
1673 726 1866 808 tractaverit,

242 837 316 915 post
343 830 499 915 probavit.
547 831 631 895 Nam
661 850 720 895 nec
749 831 845 914 longo
875 829 1046 896 intervallo
1077 829 1120 894 ad
1149 829 1416 914 supplicationem
1447 836 1512 895 tam
1534 828 1641 914 plebis
1663 849 1758 915 quam
1781 829 1872 916 prin-

243 932 324 1018 cipis
346 933 502 998 Abrincas
531 939 661 1018 pastore
690 934 859 1000 recedente
888 932 1044 999 successit
1073 953 1132 998 nec
1155 952 1305 999 recusare
1328 939 1453 1018 poterat
1475 932 1561 1015 quod
1583 932 1647 998 inm
1671 939 1795 999 secreta
1817 931 1870 998 dei

210 1036 485 1122 adispensatione
514 1043 729 1120 portentatum
759 1044 839 1103 erat.
891 1039 952 1121 (48)
980 1037 1054 1102 Mox
1077 1036 1211 1103 effectus
1233 1036 1381 1121 pontifex
1402 1036 1449 1102 ita
1471 1056 1508 1102 se
1529 1035 1564 1102 in
1586 1035 1796 1102 ecclesiamm
1819 1036 1873 1101 in-

243 1139 437 1206 stauratione
466 1140 519 1204 vel
549 1159 633 1205 nova
658 1139 883 1206 aedificatione
906 1139 1064 1221 exercuit,
1100 1139 1229 1205 domum
1252 1140 1495 1224 recuperatione
1519 1139 1692 1221 succinxit,
1728 1139 1871 1205 culturae

242 1242 380 1311 utilitate
404 1243 572 1327 disposuit,
598 1263 776 1327 pauperum
798 1241 1073 1309 administratione
1096 1242 1248 1327 profudit,
1273 1250 1310 1309 ut
1332 1250 1419 1309 esset
1439 1243 1473 1307 in
1498 1241 1637 1326 singulis
1660 1241 1817 1308 mirabilis
1839 1249 1872 1309 et

242 1346 276 1411 in
298 1346 446 1412 omnibus
470 1346 657 1429 singularis.

334 1451 396 1534 (49)
421 1448 508 1516 Illud
537 1449 634 1516 etiam
663 1449 775 1516 merito
804 1450 1067 1516 memoriaenon
1097 1450 1275 1517 fraudatur.
1324 1452 1404 1517 Cum
1429 1449 1568 1533 quadam
1592 1449 1662 1515 vice
1685 1449 1718 1515 in
1741 1448 1870 1515 Teude-
1892 1450 1986 1516 XVH

196 1574 224 1615 ro
244 1553 332 1619 ciacc
361 1553 440 1619 villa
463 1553 581 1620 Severo
610 1554 724 1620 comite
755 1553 956 1637 advenisset,
992 1553 1152 1638 quaedam
1183 1554 1303 1620 femina
1330 1554 1412 1620 civis
1435 1552 1599 1620 Redonica
1621 1551 1652 1618 ei
1674 1552 1707 1618 in
1730 1553 1871 1619 oratione

243 1658 353 1724 oblata
381 1663 430 1723 est
458 1664 558 1724 muta.
604 1658 676 1737 Quo
705 1664 816 1726 sancto
845 1658 913 1723 viro
943 1657 1085 1724 oratione
1112 1659 1278 1744 conpleta,
1313 1657 1419 1723 statim
1443 1656 1558 1723 mulier
1580 1657 1677 1740 longa
1699 1656 1805 1741 erupit
1827 1656 1872 1721 ei·

243 1761 344 1826 lentia
366 1781 425 1827 neo
447 1761 550 1847 potnit
570 1761 700 1828 inimico
723 1762 843 1828 servire
866 1760 997 1843 diutius,
1023 1782 1087 1846 quo
1109 1762 1268 1828 libertatis
1291 1769 1401 1827 auctor
1425 1761 1570 1827 Christus
1593 1759 1655 1826 luit
1676 1759 1854 1826 invocatus.

335 1864 395 1948 (50)
422 1864 524 1948 Igitur
551 1885 622 1931 cum
651 1865 744 1946 tertio
775 1864 899 1931 decimo
928 1885 1012 1931 anno
1041 1865 1090 1930 vir
1117 1865 1170 1931 dei
1200 1871 1313 1947 ageret
1341 1865 1375 1930 in
1397 1864 1602 1950 pontificatu,
1637 1863 1745 1930 statim
1768 1864 1869 1930 altero
1892 1866 2003 1932 XVIII

245 1967 297 2034 die
328 1968 470 2053 paschae
499 1988 568 2034 cum
600 1969 716 2035 fratres
739 1969 888 2035 Sesciaco
917 1967 1049 2035 visitare
1077 1976 1207 2054 cuperet
1228 1969 1262 2033 in
1283 1968 1499 2035 infirmitatem
1522 1968 1636 2035 inruit:
1671 1968 1792 2053 pariter
1814 1989 1874 2034 au·

196 2090 225 2132 15
246 2077 310 2137 tem
341 2077 472 2137 sanetus
500 2072 641 2138 Scubilio
670 2073 704 2138 in
732 2071 951 2139 Mandanense
980 2073 1173 2139 monasterio
1202 2072 1236 2139 in
1264 2072 1446 2139 infirmitate
1474 2071 1597 2138 incidit.
1651 2071 1803 2155 Dirigunt
1830 2071 1874 2138 ad

245 2193 280 2241 se
310 2175 464 2255 invicem,
499 2182 534 2242 ut
563 2176 749 2261 priusquam
781 2175 822 2242 de
851 2176 982 2243 saeculo
1014 2176 1217 2243 discederent
1246 2197 1282 2242 se
1311 2177 1468 2242 viderent.
1521 2177 1582 2260 (51)
1609 2177 1701 2241 Tunc
1723 2175 1813 2241 missi
1836 2196 1872 2242 se

244 2279 412 2345 obviantes
434 2280 563 2346 beatum
587 2279 803 2347 Scubilionem
825 2280 859 2345 in
880 2279 995 2346 itinere
1018 2287 1233 2362 commovent,
1265 2287 1300 2347 ut
1322 2280 1415 2346 fratri
1436 2285 1631 2360 occurreret,
1659 2277 1717 2345 sed
1740 2278 1872 2345 brachio

244 2383 342 2448 marIs
373 2383 520 2468 opposito
548 2403 612 2449 non
641 2385 743 2450 valuit
772 2390 923 2450 nocturno
954 2392 1097 2470 tempore
1126 2384 1347 2451 transfretare.
1410 2384 1471 2467 (52)
1505 2384 1656 2448 Attamen
1687 2402 1758 2448 cum
1787 2404 1808 2449 a
1837 2397 1873 2449 se

245 2486 348 2552 sancti
370 2486 438 2552 fere
460 2487 523 2552 tria
545 2487 635 2552 milia
658 2488 764 2572 spatia
784 2488 992 2570 interessent,
1019 2489 1132 2554 cadem
1154 2494 1248 2554 nocte
1271 2488 1391 2573 pariter
1412 2488 1526 2553 beatus
1541 2487 1698 2552 Paternus
1715 2507 1781 2552 una
1801 2506 1872 2552 cum

195 2606 225 2648 ro
245 2596 355 2655 sancto
384 2588 482 2656 fratre
506 2609 564 2656 suo
588 2591 727 2674 glorioso
749 2592 930 2677 proposito,
963 2591 1063 2658 nobili
1085 2591 1119 2656 in
1140 2592 1315 2678 triumpho,
1351 2591 1440 2658 felici
1462 2590 1578 2656 viatico
1600 2610 1673 2656 cum
1696 2590 1791 2656 choro
1813 2610 1873 2656 an-

245 2694 349 2777 gelico
370 2694 404 2759 in
425 2694 559 2761 caelesti
581 2703 694 2761 senatu
717 2694 758 2761 de
780 2694 915 2761 terrenis
937 2695 1009 2781 pias
1033 2695 1159 2760 animas
1181 2695 1357 2761 emiserunt
1378 2693 1422 2760 ad
1445 2693 1619 2760 Christum.

336 2798 398 2880 (53)
423 2798 526 2877 Quem
548 2799 651 2864 Lauto
673 2799 860 2884 episcopus,
893 2799 946 2883 qui
969 2798 1090 2864 ibidem
1113 2805 1188 2865 ante
1211 2797 1280 2864 dies
1303 2805 1373 2864 octo
1396 2797 1439 2863 ad
1460 2796 1655 2863 visitandum
1677 2797 1865 2881 advenerat,
1892 2800 1974 2865 XIX

244 2922 316 2967 cum
349 2901 393 2967 ad
420 2902 589 2967 basilicam
619 2901 768 2968 Sesciaoo
795 2902 925 2968 beatum
953 2903 1124 2968 Paternum
1152 2901 1327 2968 deduceret
1355 2900 1534 2986 inpendens
1564 2901 1752 2986 exsequias,
1789 2900 1869 2968 item

246 3004 414 3071 Lascivius
437 3005 608 3091 episcopus
630 3012 777 3072 sanctum
800 3006 1017 3072 Scubilionem
1039 3006 1082 3071 ad
1102 3005 1272 3072 basilicam
1295 3006 1400 3091 ipsam
1424 3005 1614 3084 deduceret,
1646 3005 1773 3090 utrique
1795 3026 1873 3072 con-

195 3124 226 3166 25
245 3108 370 3174 cinente
393 3109 488 3175 choro
512 3109 720 3194 psallentium
742 3108 775 3174 in
799 3130 897 3175 unum
919 3109 1100 3176 nescientes
1121 3110 1288 3195 pontifices
1311 3115 1526 3175 convenerunt
1548 3115 1581 3175 et
1604 3108 1798 3174 sanctissimi
1813 3107 1873 3174 viri

245 3212 397 3278 orationis
420 3213 523 3278 locum
546 3233 641 3297 quem
664 3212 914 3279 aedificaverant
936 3212 1057 3298 pariter
1079 3213 1193 3279 eadem
1217 3213 1269 3279 die
1293 3220 1529 3298 occupaverunt
1543 3212 1632 3279 felici
1648 3212 1707 3277 sub
1723 3211 1868 3294 transitu,

246 3321 281 3381 ut
302 3336 362 3382 nec
383 3317 493 3382 mortis
515 3336 610 3382 casus
632 3315 791 3382 divideret
812 3336 892 3400 quos
915 3336 1043 3401 semper
1065 3338 1128 3381 una
1150 3317 1218 3381 vita
1240 3316 1419 3382 coniunxit:
1447 3337 1485 3382 ac
1509 3317 1605 3382 simul
1628 3336 1691 3381 uno
1714 3321 1873 3381 momento

246 3438 318 3483 cum
348 3420 449 3485 altero
479 3420 562 3486 alter
593 3421 739 3504 sepultus
768 3427 835 3503 est,
870 3441 941 3486 cum
971 3427 1003 3487 et
1031 3419 1065 3485 in
1094 3421 1351 3505 peregrinatione
1380 3420 1516 3486 altemm
1545 3421 1628 3486 alter
1659 3426 1788 3485 secutus
1810 3426 1871 3485 est.

251 3523 312 3606 (54)
340 3520 394 3587 Sic
424 3523 616 3608 redemptori
642 3532 750 3589 nostro
773 3523 907 3589 amatori
931 3523 1025 3589 unico
1048 3523 1143 3589 electi
1165 3522 1206 3590 de
1230 3525 1359 3589 saeculo
1382 3524 1503 3590 meritis
1526 3523 1674 3589 felicibus
1696 3522 1875 3607 aequaliter

196 3641 226 3682 30
246 3632 449 3690 occurrerunt
477 3626 633 3692 miracula
661 3626 817 3693 facientes
847 3634 920 3712 post
948 3626 1086 3710 obitum,
1118 3628 1174 3711 qui
1204 3627 1309 3694 beatis
1339 3627 1491 3712 operibus
1523 3627 1633 3693 vivunt
1654 3627 1778 3711 integre
1801 3633 1875 3712 post

247 3728 464 3812 sepulchrum.

335 4040 346 4090 l
366 4042 497 4092 leuclanus
516 4049 542 4091 et
560 4044 619 4091 beor
638 4042 726 4092 durius
830 4041 845 4093 2
865 4041 1021 4113 tractauerit]
1038 4045 1062 4092 P
1076 4059 1133 4094 cum
1145 4042 1211 4094 Mod.
1227 4048 1251 4107 1,
1273 4045 1381 4093 tacuerit
1400 4041 1465 4094 Mcb.
1482 4046 1507 4107 2,
1527 4056 1578 4092 non
1596 4045 1768 4106 propalanerit
1785 4043 1873 4092 Bottr

246 4129 281 4189 cs.
298 4130 400 4179 Fortun.
421 4129 448 4180 V.
465 4128 498 4180 Μ.
514 4131 553 4190 11,
567 4131 720 4180 totumue
733 4144 815 4192 neque
829 4131 1016 4180 uerbarelaxat
1108 4126 1207 4196 fieret]
1225 4131 1384 4179 tueratBoll.
1486 4130 1691 4180 lutffitatemP
1782 4129 1875 4179 fiten-

247 4212 356 4282 declaco]
371 4214 400 4278 P,
421 4216 568 4265 teudeciano
580 4217 612 4277 R,
632 4217 789 4266 theodeeiaco
810 4219 834 4277 Y,
854 4218 1007 4268 theodisiaco
1020 4219 1121 4281 Sarius,
1140 4219 1278 4266 tendenaco
1291 4217 1370 4279 noo,
1390 4216 1531 4266 tendetiaco
1544 4215 1638 4266 Maur
1741 4217 1772 4267 lo
1791 4218 1815 4266 el
1833 4213 1875 4284 ln]

247 4317 303 4351 cum
318 4301 416 4353 Mat?
522 4301 551 4351 11
572 4303 720 4366 rupitllob.
736 4306 865 4354 tetBolt.
975 4305 1005 4355 12
1024 4304 1209 4368 proqnaldat.
1226 4304 1639 4367 9,quo-Innocatnaom.Bott.
1749 4301 1780 4352 13
1799 4305 1875 4352 tertio

247 4389 343 4438 declmo
361 4386 438 4457 auno]
457 4389 657 4440 Pammeni
767 4390 797 4440 15
816 4391 980 4441 scubilinsP
1082 4392 1250 4441 maudunense
1270 4390 1335 4441 Mat.
1354 4394 1376 4451 l,
1396 4389 1560 4439 mandanensi
1578 4391 1645 4440 Botl.
1753 4389 1784 4440 lfi
1802 4391 1874 4438 missi

248 4473 287 4544 se]
305 4477 417 4526 inuicem
429 4476 487 4527 odd.
505 4475 605 4526 Mat?
703 4477 733 4527 17
752 4477 1061 4529 commoneremus?
1158 4476 1189 4528 18
1209 4477 1277 4526 adP
1370 4474 1403 4526 20
1421 4478 1560 4540 praepoalto
1573 4475 1672 4526 Matr
1769 4475 1802 4526 24
1820 4477 1874 4525 nti·

248 4577 296 4626 que
316 4563 383 4612 Mad.
399 4568 425 4626 1,
444 4570 551 4627 unoque
571 4564 669 4613 Mum
778 4564 812 4615 25
829 4572 855 4615 et
873 4572 1012 4615 sanctorum
1031 4579 1129 4628 corpora
1147 4565 1223 4614 almnl
1242 4579 1300 4614 curn
1317 4564 1407 4625 gaudio
1424 4564 1591 4614 inhnmarnnt
1610 4565 1631 4611 Ζ
1735 4561 1765 4614 31
1786 4563 1874 4625 sepul·

248 4646 348 4717 ebrum]
367 4663 491 4698 nxrnrcrr
509 4664 571 4698 vrra
590 4654 629 4699 scr
648 4663 765 4700 nursam
782 4653 827 4699 sir
845 4666 877 4700 nr
895 4651 928 4700 οἳ
945 4651 1003 4702 add.
1026 4651 1048 4699 P
