4374 6186
877 414 1046 472 venturi
1064 414 1281 472 FOR'l'VNA'l'i

607 617 669 676 stat
690 630 769 694 puer
790 607 974 688 incolumis,
1001 614 1144 672 remanet
1165 627 1269 691 neque
1292 607 1395 691 pallor
1416 608 1450 673 in
1472 628 1537 672 ore.

605 713 736 778 miratur
757 712 912 776 famulum
935 711 1098 783 dominus,
1126 716 1233 795 stupet
1256 717 1287 776 et
1310 711 1423 775 domus
1445 711 1548 775 omnis

522 842 526 852 ·
604 836 729 882 currere
751 815 880 881 servitio
902 835 995 897 quem
1019 813 1161 880 erederet
1182 814 1228 879 ire
1251 814 1430 899 sepulchro.

689 919 770 984 Hine
792 919 864 1003 pius
885 917 1035 999 antistes,
1062 918 1134 982 loea
1156 918 1285 1000 singula
1307 938 1393 981 more
1416 918 1597 1000 requirens.

604 1022 748 1107 hispidus
771 1022 906 1087 oecurn't
928 1021 1046 1087 raedae
1069 1020 1188 1085 fiscalis
1210 1022 1338 1086 amictu.

603 1147 665 1208 que
688 1126 842 1199 iumenta,
870 1125 952 1190 sacri
975 1125 1050 1191 dum
1074 1125 1175 1209 pallia
1197 1124 1339 1207 pendula
1362 1133 1510 1190 cernunt.

604 1228 728 1295 t‘ervida
750 1227 938 1295 subductum
962 1247 1096 1312 rapuere
1119 1228 1284 1312 periuria
1307 1248 1443 1292 currum.

520 1355 550 1389 ·:›
603 1332 745 1396 dimissis
767 1332 881 1414 auriga
903 1331 980 1396 rotis
1002 1337 1034 1396 et
1056 1331 1149 1395 miles
1172 1330 1306 1396 habenis

604 1435 772 1500 liartinum
795 1434 904 1517 flagris
928 1442 959 1500 et
981 1433 1119 1498 tristibus
1142 1440 1258 1516 urguet
1279 1434 1408 1516 iniquis.

603 1538 660 1603 sed
683 1538 724 1602 de
747 1538 845 1603 caede
868 1537 928 1601 viri
950 1536 1066 1620 pecudi
1089 1536 1184 1601 dar-tur
1205 1537 1284 1602 nitio
1307 1536 1417 1602 tristis.

602 1641 672 1724 ipse
694 1648 801 1706 tamen
824 1640 965 1723 patiens,
993 1640 1168 1705 iaculorum
1192 1639 1347 1723 grandine
1371 1658 1502 1724 pressus

603 1751 697 1827 atque
721 1744 941 1826 flagellantum
964 1743 1039 1808 dum
1063 1742 1278 1809 debacchatur
1300 1743 1423 1827 erinys,

602 1848 735 1912 vulnera
756 1846 846 1912 nulla
868 1846 965 1911 refert
987 1846 1134 1912 manibus
1157 1867 1215 1912 nec
1237 1847 1278 1910 ab
1301 1867 1355 1911 ore
1378 1865 1535 1911 susurros.

602 1951 677 2016 hine
698 1950 827 2033 gravius
851 1950 971 2015 cruciat
993 1949 1179 2015 caedentem
1202 1950 1353 2032 ignobilis
1376 1950 1441 2031 ira,

602 2053 654 2119 irie
675 2054 751 2136 qnia
774 2054 848 2120 dum
871 2054 1005 2133 tolerat,
1033 2072 1068 2117 se
1090 2053 1187 2117 inridi
1211 2059 1362 2137 conputat
1384 2053 1483 2132 aiter,

603 2164 635 2222 et
656 2156 760 2240 magis
782 2156 838 2222 ille
861 2156 954 2236 furit,
981 2154 1055 2220 dum
1080 2155 1216 2220 sustinet
1237 2156 1298 2220 iste
1321 2156 1469 2222 libenter.

601 2262 724 2326 interea
746 2259 789 2324 ad
812 2259 941 2325 raedam
966 2259 1100 2324 redeunt
1121 2265 1291 2342 grassante
1314 2261 1473 2342 querella,

520 2386 549 2422 :s
602 2365 677 2429 darn
702 2363 797 2428 sabat
819 2363 961 2427 vindicta
984 2363 1102 2427 famem
1126 2362 1326 2446 lympiratilis
1349 2363 1426 2429 irae.

602 2468 707 2532 mulas
728 2467 775 2530 ire
799 2473 927 2531 monent
949 2486 1014 2548 quia
1036 2465 1184 2550 publicus
1207 2464 1344 2530 advocat
1366 2486 1477 2548 agger.

602 2590 679 2635 voce
703 2576 850 2654 premunt
872 2576 904 2634 et
926 2570 1010 2635 fauste
1034 2568 1144 2633 dolant
1166 2570 1371 2652 lacerantque
1393 2569 1539 2653 flagello,

603 2673 661 2739 sed
683 2692 787 2754 nequae
811 2673 983 2756 conpulsae
1006 2672 1134 2756 rapiunt
1155 2672 1233 2753 iuga
1256 2673 1324 2737 lora
1346 2672 1539 2756 quadrigae:

602 2778 667 2842 lixa
689 2783 820 2840 manent
841 2795 901 2841 nee
923 2776 1011 2841 fessa
1033 2783 1162 2841 movent
1182 2775 1271 2841 velut
1293 2797 1389 2841 aerea
1411 2777 1521 2859 signa,

504 2900 549 2939 111
604 2899 662 2945 eeu
686 2878 860 2960 liquefacta
882 2898 963 2942 novo
986 2898 1021 2944 se
1044 2879 1167 2960 glutine
1191 2886 1275 2943 terra
1297 2879 1444 2961 ligasset,
1529 2903 1532 2907 ·

371 3092 465 3152 Salpia.
485 3089 548 3139 dini.
569 3090 604 3138 11.

270 3230 380 3276 surrexit
398 3228 538 3276 incolumis.
578 3241 622 3275 nos
640 3226 807 3286 obstupefacti
827 3231 911 3274 tantae
930 3227 966 3272 rei
984 3227 1117 3286 miraculo,
1143 3227 1170 3274 id
1189 3229 1254 3289 quod
1273 3229 1326 3290 ipsa
1344 3230 1446 3287 cogebat
1465 3232 1571 3289 venus,
1600 3231 1737 3278 fatebamur
1761 3243 1811 3278 nort
1832 3246 1893 3281 osse

269 3316 316 3361 sub
334 3315 409 3376 eaelo,
430 3316 474 3376 qui
492 3314 627 3361 Martinam
646 3314 725 3375 possit
743 3313 844 3360 imitari.

335 3403 359 3463 3,
384 3405 395 3448 i
420 3400 589 3461 consequenti
608 3399 695 3446 itidem
715 3405 824 3459 tempore
843 3400 891 3446 iter
909 3412 964 3444 curn
984 3412 1026 3457 eo,
1054 3398 1112 3445 dum
1133 3398 1259 3446 dioeceses
1278 3402 1375 3458 visitat,
1403 3401 1545 3459 agebamus.
1583 3402 1655 3448 nobis
1674 3403 1756 3450 neseio
1774 3416 1823 3462 qua
1843 3417 1892 3451 ne-

267 3489 381 3535 cessitate
405 3487 587 3535 remorantibus
610 3485 795 3546 aiiquantuium
822 3484 864 3530 ilie
890 3490 1050 3546 processerat.
1092 3485 1125 3544 (2)
1151 3486 1251 3532 interim
1275 3500 1320 3545 per
1344 3500 1458 3545 aggerem
1482 3488 1609 3548 publicum
1627 3488 1702 3550 piena
1720 3489 1893 3538 militantibus

267 3574 327 3621 viris
345 3574 436 3621 fiscalis
454 3573 526 3620 raeda
545 3573 670 3619 veniebat.
710 3570 754 3618 sed
777 3571 819 3617 ubi
839 3570 975 3617 Martinum
1001 3572 1027 3617 in
1054 3575 1123 3618 ueste
1148 3571 1246 3631 bispida
1271 3573 1340 3629 nigro
1358 3579 1384 3618 et
1403 3572 1511 3632 pendulo
1530 3574 1605 3634 pallio
1622 3575 1810 3622 circumtectum
1829 3591 1892 3624 corr-

266 3660 334 3719 tigna
352 3661 383 3707 de
402 3661 480 3708 latere
499 3661 612 3707 iumenta
630 3657 759 3716 viderunt,
787 3657 918 3716 paululum
944 3657 969 3701 iu
996 3661 1091 3717 partem
1111 3657 1212 3703 aiteram
1231 3659 1360 3718 pavefacta
1379 3665 1510 3706 cesserunt
1531 3659 1674 3719 {haeserunt
1693 3661 1735 3721 P).
1775 3660 1807 3722 (3)
1830 3662 1891 3711 dein

266 3747 369 3795 funibus
387 3746 514 3808 inplicatis
532 3750 658 3805 protentos
678 3744 748 3800 ilios,
769 3742 876 3803 quibus.
898 3746 926 3787 ut
945 3756 1018 3802 saepe
1037 3741 1151 3801 vidistis,
1176 3743 1268 3789 misera
1286 3745 1340 3803 ipsa
1359 3744 1475 3790 animalia
1494 3746 1682 3805 conglobantur,
1709 3746 1808 3795 ordines
1828 3750 1894 3796 mis·

265 3838 385 3881 eruerunt:
411 3833 520 3894 dumque
545 3845 617 3890 aegre
641 3829 823 3891 expediuntur,
853 3843 943 3876 moram
969 3830 1050 3876 iecere
1068 3830 1268 3889 properantibus.
1307 3845 1355 3890 qua
1373 3832 1477 3891 permoti
1496 3831 1589 3878 iniuria
1607 3831 1746 3880 militantes
1764 3836 1891 3897 praecipi-

266 3921 323 3967 tatis
342 3920 367 3966 iu
387 3924 477 3968 terram
495 3919 601 3967 saltibus
620 3931 647 3964 se
666 3917 796 3964 dederunt.
839 3918 870 3976 td)
892 3915 983 3962 debiue
1002 3915 1136 3962 Martiarum
1163 3917 1245 3974 iiagris
1269 3932 1296 3963 ac
1321 3917 1433 3964 fustibus
1452 3931 1558 3977 urguere
1576 3925 1728 3979 coeperunt,
1755 3934 1810 3967 curn
1830 3924 1891 3982 qui-

265 4007 321 4054 dem
340 4008 383 4055 iile
402 4010 487 4054 mutus
505 4011 531 4052 et
549 4003 689 4052 incredibili
708 4003 835 4062 patientia
854 4004 976 4063 praebens
995 4008 1064 4061 terga
1083 4002 1244 4050 caedentibus
1264 4005 1380 4050 maiorem
1399 4004 1522 4050 insaniam
1540 4004 1685 4052 infelicibus
1710 4014 1887 4067 commoverat,

266 4095 343 4151 magis
367 4106 398 4138 ea
421 4092 467 4140 boe
491 4093 618 4150 iurantes,
647 4089 709 4151 quod
736 4089 777 4135 ilie
801 4090 873 4149 quasi
899 4102 947 4136 non
973 4089 1086 4135 sentiens
1112 4091 1213 4137 verbera
1237 4090 1315 4136 inlata
1339 4095 1517 4138 ‹torrtemneret¹
1559 4091 1590 4150 ib}
1617 4103 1662 4138 nos
1685 4093 1744 4140 iiico
1762 4096 1890 4142 consecuti

267 4179 336 4225 loede
361 4184 492 4225 cruentum
516 4182 592 4238 atque
616 4177 733 4223 urriuersa
756 4177 864 4236 eorporis
888 4181 958 4236 parte
978 4176 1114 4236 laniatum,
1141 4190 1196 4222 cum
1215 4177 1339 4223 exarrirnis
1359 4177 1385 4224 in
1404 4182 1493 4223 terram
1512 4177 1699 4237 procubuisset,
1726 4178 1887 4227 invenimus:

267 4264 401 4324 statimque
426 4277 483 4309 eum
507 4263 584 4309 asello
608 4276 652 4309 sue
671 4262 828 4321 inposuimus
847 4276 874 4308 ac
894 4263 973 4309 locum
993 4261 1075 4308 caedis
1095 4261 1164 4308 iilius
1184 4268 1344 4310 exsecrantes
1363 4265 1453 4323 raptim
1472 4263 1539 4310 abire
1557 4264 1755 4324 properavimus.
1792 4265 1891 4313 interea

267 4349 303 4395 iiii
323 4350 428 4407 regressi
446 4348 477 4394 ad
495 4347 592 4394 raedam
612 4361 680 4394 snam
700 4348 781 4394 lurore
799 4348 887 4394 satiato
909 4349 1016 4407 siatigati
1034 4348 1075 4408 V),
1097 4348 1136 4408 agi
1155 4363 1203 4408 quo
1223 4352 1258 4396 irc.
1277 4355 1408 4409 coeperant
1426 4349 1541 4395 iumenta
1558 4350 1726 4409 praecipiunt.
1768 4350 1801 4410 (6)
1822 4363 1891 4411 quae

266 4447 321 4481 curn
340 4434 422 4479 emnia
440 4433 491 4480 solo
510 4435 559 4480 tiaa
576 4447 604 4480 ae
622 4434 644 4479 si
662 4447 739 4480 aenea
758 4435 829 4493 signa
851 4435 888 4495 (V,
911 4449 931 4482 s.
946 4447 993 4482 om.
1011 4435 1064 4495 AF]
1087 4435 1233 4493 rignissent.
1254 4436 1432 4482 adtollentibns
1451 4435 1528 4482 altius
1547 4448 1629 4482 vocem
1649 4437 1783 4498 rrragistris‚
1804 4438 1891 4498 uagus

267 4518 323 4566 irino
341 4523 416 4579 atque
434 4519 493 4566 inde
511 4519 697 4577 resonantibus,
726 4519 787 4566 nibil
813 4522 916 4580 penitus
935 4523 1106 4568 mouebantur.
1146 4527 1300 4580 eorrsnrguut
1318 4521 1409 4568 deindo
1427 4533 1513 4568 omnes
1531 4522 1624 4581 pariter
1641 4523 1668 4568 in
1687 4522 1802 4569 verbera:
1830 4536 1891 4570 con·

266 4606 344 4652 sumit
362 4605 467 4652 Gallicas
493 4605 615 4653 mularum
635 4619 713 4666 poena
732 4607 868 4666 mastigias.
911 4607 944 4667 iil
969 4612 1020 4655 tota
1044 4609 1140 4668 rapitur
1165 4607 1227 4653 silva
1251 4608 1281 4655 de
1306 4608 1432 4668 proximo,
1459 4608 1570 4655 trabibus
1595 4609 1709 4657 iumenta
1732 4608 1888 4671 tunduntur,

342 4764 362 4768 .-
371 4762 510 4768 —--—--—
519 4761 674 4768 .-...-.—.-.

337 4863 384 4912 118
402 4864 535 4911 incolumis
554 4859 609 4928 BL]
627 4865 753 4910 incolomis
771 4866 824 4911 reti.
963 4863 1010 4912 iiii
1030 4872 1103 4927 stupe
1124 4865 1146 4911 P
1280 4865 1323 4914 121
1345 4879 1372 4913 ru
1392 4868 1443 4915 nui!
1563 4867 1664 4915 antistis
1685 4867 1713 4928 P,
1733 4869 1842 4916 antestis
1862 4867 1892 4914 ri!

269 4949 315 4998 122
334 4963 463 4997 occurrens
482 4947 511 4996 L¹
651 4947 750 5015 raedas]
771 4951 848 4998 rbede
869 4949 931 5010 Pia,
953 4951 1030 4998 hedes
1051 4951 1090 5012 Li,
1113 4951 1202 4998 bedam
1223 4951 1315 4999 NBMS
1388 4967 1392 4970 ’
1453 4953 1535 5001 debuit
1553 4954 1631 5001 tiseali
1772 4950 1818 5002 123
1838 4967 1890 5016 qno

267 5032 379 5101 raum]
397 5035 441 5097 qni
454 5033 559 5094 LibiS'l,
581 5050 644 5097 quae
662 5035 701 5098 Si,
721 5037 787 5098 quod
806 5035 971 5086 Meminimus
1090 5037 1137 5087 121
1157 5039 1301 5087 subdictum
1321 5054 1341 5087 r.
1363 5055 1388 5100 p.
1409 5042 1468 5087 iuna
1488 5039 1509 5084 P
1630 5038 1678 5088 125
1698 5041 1813 5088 demissis
1833 5041 1855 5087 P

266 5123 352 5169 abenis
378 5121 399 5167 B
539 5120 587 5170 126
612 5128 683 5181 urget
708 5122 749 5169 LS
889 5123 934 5171 127
961 5121 1016 5189 sed]
1043 5124 1102 5182 fort.
1123 5127 1160 5172 sie
1302 5124 1348 5173 128
1374 5128 1420 5174 iac.
1447 5140 1482 5185 gr.
1504 5123 1556 5191 pr]
1582 5125 1655 5174 datur
1677 5128 1741 5175 nitio
1763 5127 1845 5174 tristis
1866 5127 1891 5174 P

270 5207 316 5257 123
335 5208 473 5267 flagellatus
492 5207 514 5253 P
634 5208 693 5256 dum
712 5209 766 5258 deb.
789 5207 884 5275 srinys]
903 5210 925 5258 d.
947 5212 971 5258 d.
993 5213 1093 5270 erinnys
1112 5213 1181 5273 Vera,
1203 5213 1226 5260 ci.
1247 5213 1271 5260 d.
1293 5215 1378 5260 erunis
1399 5215 1429 5274 d',
1449 5214 1473 5261 d.
1495 5214 1519 5262 d.
1540 5214 1651 5261 errrmnis
1669 5213 1768 5273 BLMS,
1791 5214 1889 5262 laculo-

267 5309 321 5342 rum
339 5295 460 5355 grandine
478 5308 579 5355 pressus
599 5292 621 5338 P
742 5295 790 5344 133
809 5310 925 5344 susurrus
945 5295 979 5347 rii.
1001 5311 1111 5345 susurros
1132 5298 1154 5344 P
1276 5297 1409 5347 1321111111
1429 5299 1447 5346 8
1539 5296 1680 5361 'conputat
1699 5295 1800 5366 Purus]
1817 5313 1887 5348 eom-

266 5387 337 5443 putat
355 5381 399 5429 BL
523 5376 749 5446 testardiae
870 5384 917 5432 131
937 5381 1046 5450 raedam]
1065 5384 1164 5433 rhedam
1183 5385 1252 5434 cedd.
1276 5385 1385 5445 (breciam
1406 5386 1435 5447 L)
1551 5386 1675 5433 redeuunt
1695 5385 1718 5432 ii'
1819 5399 1888 5445 gras-

266 5475 336 5517 sante
356 5465 413 5534 BL]
431 5472 557 5517 crassante
574 5469 629 5516 seii.
753 5470 862 5529 querella
884 5469 948 5537 Nili]
967 5473 1071 5533 queriila
1090 5472 1119 5533 P,
1140 5474 1242 5533 querela
1263 5472 1326 5519 BLS
1449 5471 1496 5521 135
1516 5472 1669 5534 lympiratilis
1688 5469 1721 5537 P]
1738 5472 1889 5533 limphatilis

267 5555 318 5614 BL,
340 5555 470 5614 iymiatiiis
491 5553 560 5602 n'ris
668 5554 713 5602 133
732 5561 833 5604 mouent
854 5558 876 5602 Ν
978 5561 1036 5619 quia
1054 5558 1108 5606 BL¹
1214 5560 1331 5620 puplii-us
1353 5559 1374 5604 P
1479 5559 1525 5607 133
1544 5559 1677 5619 conpulsae
1697 5555 1799 5623 Puris]
1818 5572 1887 5607 cem-

266 5643 351 5701 pulsae
365 5641 386 5687 1,
489 5641 581 5700 iagad'
687 5640 734 5690 133
753 5641 900 5710 t'sssa]sort.
917 5646 980 5691 iicxa
1084 5646 1196 5694 rrelndll'
1300 5643 1382 5711 signa]
1400 5647 1476 5694 uelud
1492 5645 1523 5693 il'i
1536 5660 1597 5694 corr.
1615 5644 1647 5693 N¹
1754 5643 1802 5693 lit
1820 5646 1891 5704 glut·

267 5727 320 5773 tine
341 5726 390 5787 ts,
410 5728 535 5787 guluttine
555 5727 582 5774 iii
686 5728 782 5788 iigassit
801 5729 823 5774 rl'
