4374 6186
786 377 878 434 VITA
897 379 925 434 S.
946 376 1108 433 MARTINI
1126 377 1196 432 LlB.
1216 375 1240 430 1.

540 570 598 633 ‘ex
620 587 674 632 ore
696 567 854 635 infantum
877 574 910 633 et
931 568 1106 634 lactantum
1129 566 1247 651 perfice
1270 565 1398 630 laudem

536 691 620 736 nune
643 668 845 736 defensorem
867 669 922 753 qui
945 670 992 736 sic
1014 671 1097 735 bene
1120 668 1273 735 destruis'
1297 668 1410 752 inquit.

536 794 609 838 mox
631 773 740 856 fragor
760 780 849 839 astra
870 772 966 858 petit,
993 772 1113 838 elamor
1134 791 1237 856 vagus
1259 771 1341 837 atria
1364 770 1503 855 complet

536 883 569 942 et
591 875 684 942 docet
704 877 762 942 ille
783 875 875 941 favor
896 876 936 941 de
960 875 1137 942 Defensore
1160 881 1282 941 reatum

537 977 747 1063 addictusque
769 978 819 1045 vir
841 986 947 1045 estse
970 978 1094 1061 iudice,
1119 986 1202 1044 teste
1226 978 1393 1062 propheta.

623 1081 703 1148 Inde
725 1081 953 1147 monasterium
976 1081 1037 1147 sibi
1061 1079 1169 1147 condit
1191 1102 1270 1165 rupe
1293 1082 1353 1147 sub
1376 1081 1461 1161 alta,

538 1185 587 1249 vir
608 1185 782 1251 monachus
804 1192 951 1270 perstans
972 1184 1006 1249 in
1030 1182 1233 1268 pontificatus
1256 1183 1391 1264 honore,

538 1287 677 1373 plurima
698 1287 891 1353 conveniunt
913 1286 969 1352 nbi
992 1294 1104 1352 saneta
1126 1286 1275 1353 examina
1297 1286 1440 1351 fratrum.

540 1410 616 1474 ergo
638 1391 751 1457 aderat
772 1390 905 1476 propius
928 1389 1018 1456 locus
1040 1397 1073 1456 et
1095 1389 1322 1456 celeberrimus
1345 1390 1436 1455 olim:

540 1495 649 1579 ampla
670 1493 840 1560 vetustatis
864 1513 936 1559 eum
958 1500 1102 1578 tempora
1124 1493 1379 1575 transiluissent,

475 1645 480 1656 .
540 1597 689 1682 martyris
711 1617 784 1663 esse
807 1597 895 1682 pium
918 1597 1091 1681 spargebat
1112 1596 1219 1681 opinio
1242 1597 1372 1662 cultum.

541 1721 604 1783 quo
627 1719 717 1765 sacer
738 1718 875 1765 exorans
897 1699 1036 1779 tumulo,
1064 1698 1141 1764 salit
1164 1699 1276 1763 umbra
1298 1699 1486 1783 sepulchro,

541 1805 637 1868 laeva
659 1823 699 1868 ex
722 1809 813 1888 parte
835 1803 970 1886 loquens
992 1801 1114 1867 meritis
1137 1820 1189 1867 res
1211 1801 1284 1886 ipsa
1305 1802 1447 1867 sinistra.

542 1907 679 1990 imperat
701 1912 736 1971 ut
757 1925 874 1971 nomen
896 1905 1036 1970 fateatur
1057 1905 1166 1987 imago
1188 1904 1241 1970 vel
1263 1911 1382 1970 actum.

542 2010 696 2075 latronem
719 2028 755 2074 se
777 2028 855 2074 voce
877 2008 991 2089 refert,
1018 2028 1075 2092 pro
1098 2007 1228 2072 erimine
1251 2026 1400 2090 caesum,

542 2113 586 2178 nil
610 2132 682 2177 eum
705 2112 898 2196 martyribus
920 2111 984 2177 sibi
1006 2110 1197 2196 participare
1220 2110 1343 2193 beatis,

543 2216 594 2281 his
615 2216 691 2299 quia
712 2214 822 2299 palma
843 2221 967 2294 manet,
995 2234 1069 2278 narn
1092 2233 1127 2279 se
1151 2213 1236 2279 male
1259 2233 1364 2298 poena
1384 2221 1520 2280 teneret.

543 2319 689 2384 omnibus
712 2315 856 2398 auditur,
882 2316 1017 2382 hiartino
1040 2316 1180 2382 cernitur
1202 2316 1268 2381 nni.

543 2421 602 2486 illa
624 2420 808 2505 superstitio
831 2420 889 2485 tali
912 2420 972 2484 suh
994 2426 1079 2485 sorte
1101 2425 1244 2501 vetatur,

545 2524 591 2588 sie
612 2524 696 2588 altar
717 2522 836 2608 pariter
856 2529 1053 2603 removetur,
1080 2522 1170 2586 larva
1192 2521 1334 2605 fugatur.

629 2628 707 2692 Post
728 2627 790 2692 iter
812 2626 968 2711 arripiens
991 2625 1141 2691 comitatu
1163 2624 1317 2708 religioso

545 2731 690 2814 exequiis
713 2730 819 2796 subito
841 2729 1017 2813 gentilibus
1040 2729 1153 2794 obvius
1176 2728 1253 2795 exit.

546 2835 621 2899 dum
644 2839 736 2917 putat
756 2832 832 2897 inde
854 2832 930 2897 vehi
952 2832 1038 2898 cultu
1062 2831 1235 2898 simulacra
1256 2830 1407 2916 profano,

211 3099 252 3147 die
270 3099 382 3145 officium
402 3100 469 3155 erat,
491 3094 643 3142 interclusus
662 3108 675 3141 a
693 3093 784 3154 populo
802 3092 939 3148 defuisset,
960 3092 1068 3139 turbatis
1087 3092 1223 3152 ministris,
1243 3091 1303 3139 dum
1322 3097 1470 3152 expectatur
1487 3095 1530 3155 qui
1549 3107 1598 3141 non
1617 3093 1716 3155 aderat,
1737 3109 1835 3144 uuuse

210 3183 432 3231 circumstantibus
451 3185 550 3242 sumpto
568 3179 701 3240 psalterio,
725 3192 800 3240 quem
819 3180 929 3251 primum
945 3191 1045 3225 versum
1064 3177 1177 3238 invenlt,
1197 3178 1311 3239 arripuit.
1352 3179 1385 3238 (8)
1406 3178 1517 3240 psalmus
1535 3184 1618 3228 sutem
1637 3181 1677 3228 hic
1696 3187 1763 3230 erat:
1792 3181 1837 3230 ‘ex

210 3282 251 3317 ore
269 3269 403 3317 infantium
422 3271 448 3314 et
466 3266 612 3313 laetantium
631 3266 762 3325 perfecisti
780 3264 878 3312 landem
899 3269 1000 3326 propter
1024 3264 1138 3312 lulmleos
1163 3267 1235 3324 tuos,
1260 3268 1290 3311 ut
1313 3264 1428 3312 destruas
1451 3266 1585 3314 inimicum
1609 3271 1636 3314 et
1658 3266 1813 3317 defensorem
1821 3266 1836 3316 '.

212 3368 262 3416 qno
280 3356 345 3402 lecto
363 3355 454 3401 clamor
471 3352 559 3414 populi
577 3351 689 3412 tollitur,
717 3364 774 3411 pars
793 3350 891 3399 diversa
909 3349 1080 3400 confunditur.
1121 3350 1154 3410 (7)
1176 3354 1251 3411 atque
1269 3351 1306 3398 ita
1322 3350 1436 3397 habitum
1455 3358 1507 3413 est,
1529 3351 1615 3400 divino
1632 3357 1697 3400 nutu
1715 3354 1838 3415 psalmum

210 3441 278 3487 hune
295 3441 388 3487 lectum
405 3441 486 3487 fuisse
506 3453 526 3487 s.
547 3453 570 3499 p.
591 3452 610 3485 s.

281 3527 322 3584 10,
344 3526 360 3572 2
384 3526 468 3586 Atque
487 3526 538 3585 its,
558 3522 652 3585 plenus
670 3522 827 3570 auctoritatis
845 3525 871 3569 et
888 3523 995 3582 gratiae,
1017 3521 1130 3582 inplebat
1147 3522 1258 3583 episcopi
1276 3521 1442 3585 dignitatem,
1470 3527 1566 3571 utnon
1584 3528 1669 3572 umen
1687 3524 1840 3586 propositum

212 3610 326 3659 monaehi
344 3611 514 3670 uirtutemque
534 3607 668 3660 desereret.
709 3609 741 3669 (3)
770 3607 916 3669 aliquandiu
934 3620 992 3667 ergo
1011 3606 1156 3654 adhaerenti
1174 3607 1205 3655 sd
1224 3607 1354 3655 eeclesiam
1372 3609 1463 3656 cellula
1481 3622 1542 3656 usus
1560 3615 1611 3658 est:
1638 3609 1695 3657 dein
1720 3624 1776 3657 eum
1801 3611 1842 3657 iu-

214 3696 390 3758 quietudinem
408 3710 436 3743 se
454 3695 669 3755 frequentantium
688 3694 752 3741 ferre
764 3706 814 3740 non
827 3697 919 3755 posset,
941 3692 1038 3740 duobus
1057 3694 1109 3740 fere
1128 3697 1200 3741 extra
1217 3693 1344 3740 civitatem
1364 3694 1466 3742 milibus
1484 3696 1663 3744 monasterinm
1683 3696 1732 3743 sibi
1750 3697 1841 3744 statuit

212 3795 232 3831 e.
247 3798 269 3844 q.
285 3796 304 3829 s.
381 3781 412 3844 (5)
437 3779 555 3843 discipuli
568 3782 620 3828 fere
633 3779 757 3839 octoginta
770 3783 849 3840 eraut,
871 3778 915 3840 qul
928 3777 959 3825 ad
972 3778 1116 3839 exemplum
1129 3779 1194 3827 beati
1207 3781 1320 3839 magistri
1332 3779 1542 3830 instituebantur.
1584 3781 1618 3843 (6)
1639 3794 1711 3829 nemo
1723 3781 1759 3828 ihi
1771 3782 1842 3843 quie·

212 3881 286 3929 quam
299 3867 427 3930 proprium
441 3880 462 3917 s.
478 3883 500 3929 p.
515 3883 534 3916 ι.
577 3867 627 3928 (11,
651 3868 673 3926 1)
694 3865 739 3913 sed
752 3869 782 3912 ut
794 3865 904 3926 reliquas
917 3865 1024 3912 virtutes
1038 3865 1101 3925 eins,
1117 3878 1178 3925 quas
1190 3866 1218 3912 in
1231 3866 1376 3927 episcopatu
1389 3867 1449 3930 egit,
1471 3865 1607 3928 adgrediar,
1630 3871 1682 3915 erat
1694 3867 1755 3915 baut
1768 3867 1841 3926 lousa

214 3955 244 4000 ab
257 3953 349 4015 oppido
361 3954 493 4015 proximus
511 3951 661 4000 monasterio
678 3951 757 4010 locus,
777 3965 852 4012 quem
871 3950 933 3997 falsa
950 3949 1079 3998 hominum
1098 3951 1190 4012 opinio,
1211 3951 1283 3999 reiut
1295 3951 1448 4014 consepultis
1461 3953 1496 4000 ibi
1509 3952 1665 4015 martyribus,
1688 3957 1839 4001 sacraverat:

217 4038 249 4100 (2)
272 4053 328 4087 nam
341 4043 367 4085 et
379 4038 456 4086 altare
468 4039 503 4086 lbi
516 4053 530 4086 a
542 4037 714 4099 superioribus
727 4036 850 4099 episeopis
864 4037 1032 4084 constitutum
1044 4036 1189 4084 habebatur.
1221 4036 1266 4085 sed
1278 4037 1402 4085 Martinus
1420 4050 1470 4086 nou
1487 4042 1582 4086 temere
1601 4036 1722 4086 adhibens
1740 4038 1843 4086 incertis

215 4125 288 4173 fldem
301 4140 322 4172 e.
336 4141 357 4187 q.
369 4139 388 4172 s.
448 4124 480 4184 (3)
495 4150 529 4159 -
542 4123 648 4183 quodam
663 4121 703 4168 dle
716 4122 802 4183 paneis
815 4135 899 4169 seeum
912 4121 1032 4170 adhibitis
1045 4122 1165 4169 fratribus
1178 4121 1208 4169 ad
1221 4123 1300 4170 locum
1313 4123 1404 4185 pergit.
1439 4123 1472 4186 (4)
1490 4123 1582 4171 dehine
1594 4137 1670 4185 super
1682 4122 1842 4186 sepulchrum

213 4212 295 4272 ipsum
314 4210 417 4258 adstans
434 4211 514 4257 oravit
531 4210 560 4258 ad
579 4210 721 4271 dominnm,
749 4213 779 4255 ut
801 4208 859 4269 quis
883 4213 950 4255 esset
975 4207 1014 4256 rel
1032 4208 1105 4256 cuius
1123 4208 1207 4255 meriti
1226 4212 1293 4256 esset
1310 4209 1427 4269 sepultus
1444 4209 1597 4258 ostenderet.
1635 4214 1689 4257 tum
1708 4222 1842 4258 conversus

214 4296 244 4343 ad
262 4297 357 4344 laevam
375 4295 445 4343 videt
462 4309 537 4358 prope
555 4295 679 4343 adsistere
698 4295 811 4341 umbram
830 4292 971 4354 sordidam,
997 4298 1108 4343 trucem:
1135 4294 1244 4356 imperat
1262 4307 1352 4342 nomeu
1371 4295 1540 4358 meritumque
1559 4296 1712 4358 loqueretur.
1752 4309 1842 4343 nomen

215 4381 304 4446 edicit,
332 4382 362 4430 de
381 4384 489 4430 erimine
507 4383 652 4430 confitetur:
680 4381 800 4428 latronem
817 4393 844 4427 se
862 4380 956 4441 fuisse,
986 4380 1017 4427 ob
1035 4379 1127 4428 scelera
1145 4393 1306 4442 percussum,
1326 4381 1397 4441 vulgi
1416 4394 1497 4430 errore
1515 4381 1683 4432 celebratum:
1708 4382 1758 4430 sibi
1775 4381 1844 4430 nihil

216 4483 272 4516 eum
292 4470 440 4527 martyribus
458 4482 512 4515 esse
531 4481 675 4528 commune,
701 4481 757 4514 enm
776 4467 833 4514 illos
852 4466 942 4528 aleria,
969 4478 996 4512 se
1014 4478 1096 4527 poeua
1113 4466 1242 4515 retineret.
1283 4466 1315 4527 (dl
1337 4467 1428 4515 mlmm
1446 4468 1474 4515 ln
1491 4467 1592 4518 modum
1611 4481 1696 4516 rocem
1714 4468 1841 4529 loquentis

216 4555 259 4616 qui
278 4555 380 4602 aderaut
398 4555 546 4616 audiebant,
573 4567 704 4616 personam
722 4557 807 4601 nmen
824 4565 874 4600 uon
892 4550 1021 4600 videbant.
1040 4537 1113 4600 ‘tum
1132 4552 1259 4601 Martinus
1277 4552 1337 4614 quid
1356 4553 1466 4603 vidisset
1483 4555 1601 4617 exposuit
1619 4554 1745 4616 iussitque
1763 4567 1796 4602 ex
1813 4567 1845 4601 so

217 4641 269 4688 loco
287 4641 371 4698 altare,
393 4639 512 4700 quodibi
532 4640 621 4696 fuerat,
644 4639 794 4699 submoueri,
815 4645 891 4700 atque
909 4639 945 4686 ita
962 4637 1083 4702 populum
1103 4639 1290 4700 superstitionis
1308 4639 1378 4688 illius
1398 4639 1504 4689 absolvit
1521 4653 1610 4689 errore.

290 4727 328 4785 12,
352 4729 364 4773 1
391 4726 491 4773 Accidit
508 4731 592 4772 autem
609 4727 754 4787 insequenti
772 4731 897 4787 ternpore,
919 4725 978 4772 dum
998 4725 1047 4771 iter
1064 4730 1164 4785 ageret,
1185 4730 1215 4772 ut
1232 4725 1335 4785 gentilis
1352 4726 1483 4774 cuiusdam
1501 4739 1604 4788 eorpus,
1627 4727 1692 4788 quod
1710 4725 1740 4774 ad
1759 4725 1846 4789 sepul·

219 4811 306 4859 ebrum
329 4824 386 4858 cum
409 4812 583 4871 superstitioso
606 4811 695 4858 funere
719 4810 892 4871 deferebatur,
918 4810 1019 4858 obvium
1044 4809 1159 4857 haberet:
1189 4811 1397 4873 conspicatusque
1423 4812 1523 4860 eminus
1549 4812 1707 4860 venientium
1735 4813 1842 4873 turham,

219 4897 337 4958 quidnam
363 4896 389 4944 id
416 4902 483 4944 esset
506 4897 623 4956 ignarus,
649 4896 779 4958 paululum
803 4898 889 4945 stetit:
916 4909 972 4944 uam
996 4897 1049 4943 fere
1071 4897 1264 4957 quingentorum
1282 4910 1402 4958 passuum
1421 4897 1580 4945 intervallum
1599 4902 1665 4959 erat,
1692 4903 1722 4945 ut
1739 4897 1846 4945 difficile

224 5138 607 5146 ——a———ss-
618 5139 633 5145 -

286 5325 336 5374 215
352 5328 443 5386 psalm.
463 5327 489 5381 8,
511 5326 527 5372 3
639 5324 775 5371 infantium
796 5321 855 5370 filiii
969 5323 1116 5371 laetantium
1135 5322 1233 5372 ΡΊΝΜι
1345 5326 1444 5387 perieee
1467 5326 1488 5372 Τ
1599 5323 1649 5374 216
1668 5325 1798 5373 defensore
1817 5340 1846 5372 es

219 5412 347 5459 defensore
367 5416 379 5459 1
400 5426 433 5459 m.
456 5410 480 5458 N
582 5411 691 5458 destruis
712 5405 744 5474 L]
762 5409 868 5456 disturis
886 5408 940 5456 rell.
1046 5409 1135 5470 inquid
1153 5408 1182 5456 Ρ1
1289 5409 1337 5459 21ῑ
1357 5407 1432 5476 atria]
1450 5412 1498 5460 trla
1512 5410 1542 5458 1³¹
1648 5409 1698 5459 220
1716 5424 1766 5459 ιιιιι
1785 5411 1845 5470 ΝΜ,

219 5511 247 5544 ιι
266 5496 310 5543 ΡΤ
427 5510 461 5543 nu
480 5508 560 5542 ramo
578 5508 699 5542 ,ιιιιιιιιιιι
719 5495 741 5540 Ν
861 5492 910 5542 223
929 5495 995 5552 olym
1015 5493 1039 5541 N
1154 5494 1206 5545 226
1224 5496 1335 5544 tumulos
1354 5497 1399 5545 alit
1418 5497 1447 5560 li,
1467 5497 1577 5545 tumulos
1595 5496 1648 5544 adit
1666 5496 1697 5544 Li
1802 5511 1845 5546 se·

220 5579 335 5647 pulchro]
353 5582 514 5644 sepulchrum
534 5581 604 5629 codd.
628 5581 779 5642 (sepulerum
798 5580 825 5640 S)
944 5577 993 5627 232
1012 5583 1122 5628 cernitur
1140 5594 1187 5630 om.
1206 5581 1227 5627 Τ
1343 5580 1393 5630 234
1411 5583 1488 5631 altare
1508 5579 1546 5630 Ν2
1650 5581 1699 5630 235
1718 5596 1764 5629 xrs
1784 5581 1844 5642 ΝΜ,

222 5683 260 5716 ιιι
282 5669 324 5714 ΡΤ
428 5669 548 5727 relegisse
568 5667 607 5729 ΡΙ,
628 5667 750 5726 relligioso
769 5664 813 5713 BL
918 5663 968 5712 236
986 5667 1104 5724 gentibus
1123 5667 1158 5722 Μ,
1179 5669 1342 5730 pergentibus
1361 5668 1405 5715 131,
