4374 6186
918 450 1013 508 vrrs
1031 451 1167 509 asueri
1185 434 1345 509 nnonrur.
1909 457 1948 517 11

321 648 403 714 citus
425 645 580 732 pervigii,
613 665 675 709 vox
698 644 729 710 ei
753 643 875 709 directa
897 649 964 722 est,
995 641 1081 725 quod
1104 648 1223 708 tactum
1246 642 1309 707 iam
1334 643 1494 709 sonuisset
1516 644 1654 728 siguum.
1709 647 1770 728 (36)
1797 644 1866 709 liae
1888 644 1950 710 ita-

321 771 383 834 que
412 769 489 815 voce
521 748 731 814 commonitus
762 745 865 829 surgit
887 745 1037 811 continuo
1060 753 1092 811 et
1113 745 1279 828 ingressus
1302 745 1472 812 basilicam
1495 746 1666 831 splendore
1689 746 1798 812 diffusi
1821 746 1952 812 luminis

320 852 514 932 radiantem,
546 851 579 916 in
608 870 674 934 qua
704 849 878 933 conspicua
907 847 1052 913 claritate
1082 847 1238 932 prospicit
1267 847 1347 914 duos
1377 849 1524 933 egregios
1547 849 1773 932 formarium,
1807 856 1952 916 sanctum

321 955 473 1022 videlicet
494 953 672 1020 Leobinum
699 960 731 1019 et
753 953 890 1018 alterum
912 951 1039 1017 nomine
1063 951 1125 1016 sibi
1147 951 1361 1034 incognitum,
1396 972 1437 1018 ex
1460 972 1592 1034 quorum
1616 954 1688 1018 visu
1711 953 1809 1019 nimio
1831 972 1953 1037 pavore

289 1059 508 1145 sperterritus
536 1056 648 1140 iugam
675 1054 748 1120 iniit
777 1073 913 1137 seseque
943 1054 976 1119 in
999 1073 1059 1119 sua
1081 1054 1168 1120 cella
1189 1053 1367 1120 abscondit.
1422 1057 1483 1138 (37)
1511 1056 1578 1122 Sed
1601 1055 1677 1122 dum
1700 1055 1743 1122 ad
1766 1055 1850 1139 signi
1873 1056 1953 1121 boa-

321 1171 387 1229 tum
409 1161 444 1226 in
466 1159 645 1244 praefatam
667 1158 836 1224 basilicam
859 1156 903 1223 ad
925 1157 1098 1222 matutinos
1121 1176 1156 1222 se
1179 1157 1343 1224 intulisset
1365 1156 1520 1242 hymnos,
1546 1159 1678 1244 expleta
1700 1159 1853 1225 orationis
1876 1178 1953 1224 cou-

322 1263 493 1331 suetudine
523 1262 727 1347 praelocutus
750 1263 922 1345 Tyrannus
952 1267 1065 1326 cautus
1088 1267 1121 1326 et
1143 1260 1278 1326 devotus
1301 1262 1407 1346 pergit
1429 1261 1472 1327 ad
1495 1263 1645 1328 domnum
1668 1263 1861 1343 Leobinum,
1894 1263 1953 1327 ob-

323 1388 453 1435 secrans
477 1374 512 1432 ut
534 1365 596 1431 sibi
618 1364 777 1430 indicaret
798 1383 883 1447 quae
906 1370 992 1429 esset
1013 1363 1073 1428 illa
1096 1383 1234 1447 persona
1256 1385 1352 1446 quam
1374 1365 1408 1430 in
1430 1365 1568 1432 basilica
1591 1387 1655 1431 una
1679 1385 1749 1431 cum
1766 1386 1804 1431 eo
1819 1365 1953 1430 intuitus

321 1478 419 1537 esset.
472 1470 532 1552 (38)
560 1469 747 1552 Agnoscens
776 1467 884 1549 itaque
915 1466 963 1530 vir
993 1466 1046 1532 dei
1078 1466 1208 1532 fratrem
1232 1465 1333 1533 fuisse
1355 1468 1488 1551 dignum
1512 1476 1620 1534 tantae
1643 1469 1777 1534 visionis
1799 1468 1953 1533 miraculo

245 1594 302 1656 ,ιο
322 1575 382 1641 ait:
417 1573 545 1654 Frater,
577 1592 649 1637 cum
680 1570 798 1637 fuisses
827 1569 998 1635 oratorium
1029 1570 1195 1652 ingressus
1227 1578 1260 1635 et
1287 1571 1367 1638 duos
1398 1572 1518 1657 pariter
1549 1572 1687 1638 vidisses
1710 1572 1810 1652 viros,
1844 1591 1896 1636 me
1920 1578 1955 1635 ut

322 1676 418 1744 audio
449 1673 642 1758 cognoristi,
676 1673 759 1738 alter
789 1693 864 1737 vero
892 1671 950 1737 tibi
979 1672 1161 1755 incognitus
1191 1672 1249 1737 sed
1275 1673 1415 1740 micante
1438 1675 1609 1759 splendore
1632 1674 1789 1741 candidus
1812 1674 1881 1758 ipse
1904 1680 1954 1739 est

323 1782 437 1847 beatus
460 1778 575 1843 Avitus
605 1796 656 1841 me
685 1775 845 1841 visitando
876 1773 1029 1859 dignatus
1058 1775 1219 1859 corripere
1248 1784 1280 1842 et
1310 1777 1499 1860 admonere,
1532 1778 1670 1861 qualiter
1693 1777 1829 1843 debeam
1851 1796 1954 1860 quen-

323 1884 398 1949 dam
421 1881 551 1947 fratrem
574 1899 631 1964 pro
654 1879 721 1944 suis
744 1878 931 1945 excessibus
954 1878 1125 1961 corrigere.
1177 1880 1240 1963 (39)
1267 1880 1380 1946 Merito
1403 1901 1540 1963 namque
1564 1881 1704 1946 caeleste
1727 1881 1836 1946 lumen
1858 1899 1955 1964 super

324 1992 469 2052 sanctum
499 1985 602 2048 virum
631 1981 797 2062 radiabat,
829 1981 906 2064 quia
928 1981 1003 2046 iicet
1024 1981 1058 2046 iu
1080 1989 1167 2047 terra
1188 2003 1319 2067 corpore
1343 1992 1449 2049 mente
1471 1992 1579 2049 tamen
1601 1984 1634 2048 in
1657 1983 1758 2049 caelis
1781 2003 1953 2049 conversa-

275 2107 303 2147 15
322 2090 416 2155 batur
442 2088 533 2152 iuxta
561 2084 644 2150 illud
673 2083 823 2169 apostoli:
859 2088 972 2148 Nostra
1001 2094 1102 2147 autem
1130 2090 1319 2149 conversatio
1350 2091 1381 2149 in
1405 2089 1497 2150 cuciis
1520 2098 1575 2151 est.
1623 2087 1715 2152 Vnde
1738 2086 1953 2152 visitationem

324 2179 451 2257 meruit
469 2189 588 2254 habere
617 2197 651 2253 et
680 2187 946 2268 consolationem,
980 2187 1014 2252 in
1037 2187 1128 2253 cuius
1152 2189 1179 2253 si
1202 2188 1330 2270 quidem
1355 2190 1450 2255 corde
1473 2197 1504 2255 et
1527 2210 1580 2255 ore
1604 2210 1661 2275 per
1683 2189 1862 2255 divinorum
1886 2189 1954 2254 elo-

324 2293 400 2386 quia
422 2290 645 2358 mandatorum
668 2291 723 2356 lux
747 2290 897 2355 caelestis
919 2290 1045 2373 gratiae
1067 2290 1187 2374 iugiter
1209 2311 1248 2357 ac
1269 2290 1477 2358 ineffabiliter
1498 2292 1662 2358 rutilabat.

414 2397 476 2479 (10)
503 2395 576 2460 Non
598 2394 698 2458 multo
720 2399 793 2478 post
813 2399 958 2477 tempore
981 2414 1002 2458 a
1024 2393 1119 2459 beato
1135 2393 1264 2460 Etherio
1287 2395 1437 2479 pontifice
1460 2395 1490 2460 ei
1512 2395 1689 2461 iniunctum
1712 2401 1771 2475 est,
1800 2402 1834 2459 ut
1855 2415 1955 2461 causa
1978 2393 2059 2458 Xlli

324 2497 510 2585 proficiendi
543 2498 577 2562 in
608 2496 724 2561 meiius
753 2503 897 2561 sanctum
928 2495 1115 2561 Caesarium
1144 2497 1366 2563 Arelatensem
1397 2497 1581 2582 episcopum
1611 2498 1773 2581 inquirere
1804 2504 1836 2563 et
1863 2498 1953 2564 adire

273 2619 304 2660 2⁰
324 2602 457 2669 deberet
485 2600 675 2686 intrepidus.
734 2600 798 2680 (41)
825 2597 876 2662 Ad
902 2618 996 2680 quem
1020 2618 1092 2665 cum
1115 2601 1317 2685 pervenisset
1340 2607 1469 2667 sanctus
1493 2599 1655 2667 Leobinus
1678 2600 1859 2685 pariterque
1882 2622 1953 2666 cum

324 2725 363 2770 eo
389 2705 504 2770 beatus
527 2704 680 2784 Albinus,
715 2702 770 2785 qui
800 2720 906 2767 eomes
935 2702 1004 2767 eius
1032 2702 1157 2767 itineris
1185 2701 1305 2785 fuerat,
1341 2704 1513 2786 requisitus
1535 2724 1555 2769 a
1577 2704 1671 2769 beato
1695 2703 1864 2786 Caesario,
1900 2723 1956 2769 cur

323 2808 404 2873 tanti
426 2807 550 2872 itineris
572 2807 716 2872 laborem
739 2803 978 2888 assumpsisset,
1008 2803 1174 2888 respondit
1195 2805 1310 2872 beatus
1333 2806 1470 2872 Albinus
1495 2826 1529 2872 se
1552 2805 1771 2872 tantummodo
1794 2807 1844 2871 sui
1867 2806 1955 2872 desi-

324 2910 406 2976 derii
441 2929 539 2975 causa
572 2908 714 2989 venisse,
752 2907 882 2972 beatum
915 2926 991 2972 voro
1021 2906 1196 2973 Leobinum
1231 2908 1395 2976 derelictis
1425 2910 1576 2975 iratribus
1605 2911 1721 2994 quibus
1751 2910 1955 2994 praepositus

323 3013 430 3080 fuerat
458 3013 566 3077 Lirino
596 3018 855 3097 properaturum,
889 3009 944 3075 ubi
974 3009 1126 3075 fratribus
1155 3012 1299 3078 eiusdem
1330 3013 1516 3079 monasterii
1545 3012 1708 3079 derelictis
1736 3013 1845 3078 Lirino
1875 3011 1957 3077 foret

273 3131 304 3172 ²⁵
323 3115 543 3195 subiciendus,
578 3114 737 3180 accedens
767 3113 812 3179 ibi
842 3113 990 3178 omnibus
1021 3113 1173 3181 fratribus
1202 3114 1403 3182 desideraret
1431 3135 1503 3182 esse
1532 3117 1705 3183 subiectus.
1770 3117 1830 3198 (42)
1863 3117 1956 3181 Tunc

324 3225 454 3285 sanctus
477 3217 648 3283 Caesarius
670 3216 847 3301 corripiens
869 3237 958 3298 eum,
987 3223 1022 3281 ut
1043 3218 1190 3285 celeriter
1212 3226 1441 3301 reverteretur,
1469 3219 1529 3284 ait:
1561 3219 1659 3300 Vide,
1686 3219 1800 3299 irater,
1826 3238 1866 3284 ne
1889 3217 1955 3284 fra-

322 3329 388 3388 tres
418 3328 450 3386 te
481 3322 613 3386 absente
644 3321 708 3384 vim
740 3320 873 3403 regulae
899 3319 1050 3402 frangant
1079 3328 1111 3385 et
1139 3322 1231 3404 quasi
1261 3342 1338 3387 oves
1367 3322 1436 3387 sine
1460 3330 1587 3407 pastore
1608 3323 1643 3387 in
1666 3321 1876 3406 direptionem
1898 3342 1955 3387 ve·

323 3426 428 3506 niant,
463 3424 539 3506 quia
568 3425 595 3488 si
626 3424 684 3488 hoc
713 3422 896 3505 contigerit,
932 3429 1009 3488 tuae
1038 3424 1237 3506 reputabitur
1268 3426 1382 3510 culpae
1414 3432 1446 3490 et
1474 3425 1577 3490 omnis
1608 3445 1715 3490 eorum
1746 3425 1899 3506 iniquitas
1921 3425 1954 3489 in

323 3535 413 3592 tuum
441 3525 633 3591 redundabit
662 3532 770 3608 caput.
826 3527 888 3605 113)
916 3526 985 3589 Hac
1014 3545 1091 3608 ergo
1119 3527 1266 3592 trementi
1294 3527 1509 3594 admonitione
1532 3534 1751 3613 prosternatus
1775 3526 1817 3592 ad
1839 3546 1954 3610 regen-

275 3647 304 3685 11
325 3629 383 3694 dos
413 3629 595 3712 praedictos
625 3627 740 3692 fratres
768 3628 954 3709 quantotius
983 3627 1026 3693 ad
1054 3629 1213 3714 propriam
1244 3631 1411 3697 revertitur
1441 3631 1568 3696 cellam.
1617 3630 1824 3713 comperiens
1847 3637 1954 3695 autem

325 3730 455 3796 eosdem
485 3730 601 3795 fratres
629 3729 711 3794 nihil
734 3730 767 3793 iu
791 3749 826 3795 se
849 3731 968 3797 habere
991 3731 1155 3813 invidum,
1188 3732 1268 3797 nihii
1293 3732 1511 3799 maledictioni
1533 3742 1589 3800 aut
1610 3732 1831 3799 obtrectationi
1854 3734 1954 3798 obno-

324 3833 429 3915 xium,
462 3851 573 3897 omnes
602 3833 783 3914 aequaliter
813 3833 954 3916 diligens
984 3854 1094 3900 omnes
1124 3834 1267 3901 hilariter
1296 3835 1425 3902 intuens
1454 3837 1514 3903 deo
1541 3836 1752 3921 omnipotenti
1781 3836 1955 3900 immensas

324 3935 434 4001 retulit
457 3934 588 4018 gratias,
614 3933 669 4017 qui
694 3953 750 3999 eos
773 3935 816 4000 ad
837 3942 945 4001 tantae
967 3938 1189 4004 unanimitatis
1213 3939 1416 4005 concordiam
1439 3939 1600 4024 perduxit.

416 4039 478 4121 (44)
505 4038 633 4103 interea
661 4037 776 4103 beatus
805 4038 955 4103 Etherius
979 4040 1187 4107 Carnoteusis
1215 4042 1303 4108 urbis
1335 4042 1505 4127 episcopus
1533 4043 1619 4108 vitae
1647 4063 1726 4109 suae
1756 4062 1851 4108 cursu
1879 4063 1954 4108 con·
1980 4039 2056 4104 XIV

275 4165 305 4203 :rs
325 4147 482 4206 summato
505 4140 656 4223 migravit
677 4139 719 4204 ad
743 4139 923 4222 dominum,
950 4161 1086 4225 eumque
1110 4143 1150 4209 de
1173 4163 1358 4210 successore
1381 4145 1452 4211 eius
1474 4145 1565 4210 varia
1588 4154 1676 4212 esset
1696 4145 1871 4228 inquisitio,
1897 4165 1954 4211 rex

324 4244 408 4310 caeli
438 4243 586 4309 dominus
614 4244 649 4307 in
671 4242 763 4308 cuius
786 4263 882 4309 manu
906 4263 959 4309 cor
981 4265 1093 4329 regum
1116 4252 1166 4311 est
1189 4245 1388 4312 childeberti
1411 4248 1497 4332 regis
1519 4268 1573 4313 cor
1595 4249 1641 4314 ita
1664 4267 1724 4315 sua
1745 4248 1954 4334 inspiratione

323 4346 458 4427 inflexit,
486 4352 520 4410 ut
541 4343 582 4409 de
605 4347 699 4410 beato
716 4345 857 4411 Leobino
881 4347 1036 4412 monacho
1058 4348 1241 4432 pontificem
1264 4348 1296 4414 in
1319 4368 1536 4417 successorem
1561 4351 1712 4434 eligendo
1734 4353 1846 4436 regale
1863 4351 1955 4417 daret

414 4519 442 4567 15
461 4520 570 4582 nnrrrpp.
592 4520 617 4579 s,
638 4519 681 4568 ao.
788 4521 929 4570 11111111.
951 4521 976 4580 a,
997 4520 1039 4570 ao.
1147 4522 1180 4572 so
1198 4523 1268 4572 nov.
1290 4522 1331 4586 11,
1356 4525 1378 4574 1.

410 4795 443 4843 31
461 4810 476 4842 u
495 4797 584 4843 beatus
600 4821 635 4831 —
651 4810 678 4855 ρ.
700 4794 743 4858 18,
763 4797 779 4844 l.
804 4794 813 4843 1
837 4815 867 4838 =
893 4797 919 4845 V.
936 4798 1004 4846 Aviti
1024 4797 1070 4858 lV,
1092 4800 1125 4846 23
1146 4800 1208 4860 (1111,
1230 4800 1277 4849 SS.
1301 4802 1415 4849 1111111.
1436 4802 1489 4861 111,
1508 4803 1623 4862 11358).

413 5052 422 5100 1
445 5050 550 5119 tectum]
576 5056 695 5102 ecclesiae
718 5053 777 5103 odd.
802 5054 829 5103 V.
851 5057 919 5104 Aviti
1059 5057 1073 5106 2
1094 5055 1234 5124 besbicum]
1260 5060 1384 5122 templum
1403 5062 1489 5109 beatae
1508 5060 1549 5108 dei
1568 5061 1704 5120 genetricis
1722 5061 1815 5108 marias
1838 5060 1865 5108 V.
1886 5062 1954 5110 Aviti

324 5135 473 5205 inomine]
491 5139 576 5196 om.(l
691 5140 826 5198 terrorsQ
943 5140 1095 5209 5seseque]
1113 5145 1197 5206 rapido
1215 5158 1290 5193 cursu
1310 5146 1369 5195 odd.
1390 5146 1416 5196 V.
1433 5148 1501 5196 Aviti
1615 5150 1661 5194 sui
1679 5145 1782 5205 callio
1895 5147 1954 5195 bea·

324 5227 392 5271 tum?
409 5223 441 5284 P,
461 5231 554 5273 tectum
577 5226 604 5274 V.
619 5227 687 5273 Aviti
792 5227 983 5287 'itirennuso
1088 5227 1232 5297 obsecrans]
1250 5232 1388 5293 deprecans
1402 5225 1438 5282 V.
1455 5235 1523 5280 Aviti
1636 5230 1761 5289 811ῐο
1865 5231 1955 5280 3111-

324 5317 364 5358 tee
382 5311 489 5358 uisiouis
508 5307 637 5378 miraculo]
656 5313 719 5359 tenti
739 5315 828 5360 secreti
848 5316 993 5373 mysterium
1013 5316 1101 5364 uidere
1127 5316 1152 5363 V.
1169 5319 1238 5364 Aviti
1368 5317 1400 5367 10
1418 5316 1562 5385 oratorium]
1581 5319 1682 5368 domum
1702 5319 1820 5366 emtionis
1844 5318 1870 5367 V.
1886 5319 1954 5366 Auiti

326 5394 355 5443 13
375 5393 507 5462 corrigere]
525 5397 677 5457 distringere
696 5403 722 5445 et
739 5399 860 5461 populum
878 5401 943 5448 mihi
962 5401 1087 5450 creditum
1106 5404 1137 5450 eb
1153 5402 1257 5450 insidiis
1276 5405 1378 5466 antiqui
1398 5404 1477 5454 hostis
1495 5406 1603 5454 liberare
1626 5405 1653 5454 V.
1668 5405 1737 5453 Auiti
1845 5403 1876 5452 11
1893 5417 1953 5454 con·

323 5483 472 5530 uersebstur
488 5484 516 5531 in
534 5483 651 5541 caelisQ
770 5483 801 5533 19
819 5483 959 5554 inquirere]
977 5488 1066 5547 ouao
1183 5487 1216 5536 20
1234 5488 1350 5549 hebeto
1455 5488 1569 5558 sanetus]
1587 5490 1717 5549 beatusO
1833 5489 1954 5538 241111-

323 5564 392 5634 dem]
410 5567 497 5626 cm.Q
602 5568 633 5618 25
653 5571 738 5629 abio
842 5569 875 5619 28
894 5576 1056 5634 reputabatur
1075 5573 1109 5633 0¹
1213 5575 1243 5624 31
1265 5576 1448 5626 meledictionis
1465 5584 1492 5626 et
1509 5578 1739 5637 detrectetioutso
1844 5574 1954 5625 331111·

321 5654 387 5702 didit
406 5653 427 5712 0
566 5654 598 5703 31
617 5656 747 5704 eutherius
764 5670 858 5718 seraper
874 5658 901 5706 V.
917 5660 986 5708 Auiti
1091 5664 1275 5711 carnotensium
1293 5664 1429 5726 episcopus
1449 5662 1470 5721 0
1608 5658 1880 5731 3511111111]χῇ11
1899 5660 1920 5719 O

323 5737 465 5807 inquisitio]
483 5742 572 5790 electio
596 5743 622 5792 V.
639 5744 707 5790 Acili
812 5743 845 5793 36
864 5758 953 5793 munus
972 5745 993 5803 Q
1097 5746 1232 5796 hildeberti
1252 5747 1275 5795 P
1377 5746 1424 5815 ite]
1442 5749 1530 5808 om.Q
