4374 6186
817 408 909 465 VITA
929 406 1065 466 SANCTI
1083 407 1258 465 unsrun.
1813 411 1853 474 59

224 607 376 666 aeternae
405 601 544 666 lavacris
572 599 716 685 perfudit
741 599 851 684 sicque
879 599 1084 665 beatissimus
1112 598 1255 685 pontifex
1276 597 1440 665 infelicem
1463 598 1618 684 praedam
1641 599 1682 665 de
1705 598 1854 665 faucibus

225 703 346 769 diaboli
369 705 560 770 abstrahens
584 702 661 769 fecit
682 702 819 769 feliciter
841 722 943 767 suam.

315 808 376 892 (41)
403 808 567 873 Venerunt
588 826 713 890 quoque
736 804 896 889 quondam
920 806 983 871 duo
1005 805 1066 869 viri
1088 805 1131 870 ad
1154 806 1265 870 urbem
1287 804 1451 870 infelicem
1473 805 1571 871 vitam
1591 805 1690 871 atroci
1705 813 1855 889 gerentes

225 910 413 977 inscelere.
466 912 595 994 Tegunt
623 908 732 990 itaque
764 908 893 974 funesta
922 908 1073 974 demissis
1095 908 1237 972 vultibus
1260 907 1355 973 corda
1378 916 1411 973 et
1432 907 1566 973 extortis
1588 907 1715 973 fletibus
1738 916 1771 974 44
1792 908 1855 975 imo

193 1022 353 1098 44444444
382 1012 551 1079 abstractis
582 1012 729 1097 suspiriis
756 1011 868 1076 vilium
896 1017 1058 1077 vetustate
1088 1030 1264 1095 pannorum
1294 1030 1455 1095 pauperes
1486 1030 1521 1076 se
1551 1030 1623 1077 esse
1645 1012 1853 1077 mentiuntur.

225 1117 423 1183 Γ1414444444
445 1116 492 1183 414
514 1113 700 1182 4444444414
722 1114 820 1180 414441
843 1121 876 1180 44
897 1114 1067 1179 simulatae
1089 1113 1239 1179 miseriae
1262 1113 1466 1180 miseratione
1489 1113 1635 1199 piissima
1655 1115 1852 1181 subvenitur.

123 1284 126 1288 .
230 1223 291 1304 (42)
318 1220 447 1288 Deflent
475 1221 585 1303 itaque
612 1219 678 1283 vim
701 1236 774 1284 sese
797 1217 925 1301 frigoris
948 1216 1032 1283 ferre
1054 1237 1118 1282 non
1140 1235 1252 1302 posse,
1287 1216 1416 1282 tandem
1439 1218 1524 1282 intra
1546 1225 1639 1303 septa
1661 1218 1857 1304 recipiuntur

225 1325 395 1390 ecclesiae.
442 1323 567 1405 Vixque
597 1320 694 1388 corda
725 1321 907 1387 mortalium
937 1321 1029 1403 quies
1058 1320 1162 1405 prima
1191 1327 1284 1404 grata
1313 1340 1459 1386 curarum
1490 1321 1650 1388 oblivione
1673 1323 1852 1405 laxaverat,

226 1449 298 1494 cum
326 1427 375 1492 illi
403 1426 577 1492 admittunt
606 1424 809 1490 latrocinium
839 1430 872 1489 et
900 1444 1009 1506 sacra,
1043 1444 1099 1507 pro
1126 1423 1236 1488 nefas!
1272 1423 1404 1507 pollutis
1427 1425 1575 1490 manibus
1598 1426 1700 1511 pallia
1722 1426 1852 1510 adeunt,

177 1547 206 1589 ¹0
225 1533 299 1597 vela
328 1530 471 1596 deiciunt
499 1529 714 1611 reseratisque
743 1527 850 1592 ianuis
879 1526 983 1610 gradu
1014 1527 1137 1594 concito
1167 1526 1276 1610 fugam
1307 1527 1439 1593 crimine
1469 1529 1654 1595 stimulante
1684 1530 1851 1616 arripiunt,

225 1634 280 1717 qui
302 1632 348 1698 ita
370 1632 468 1715 digno
491 1631 656 1697 caecitatis
680 1631 838 1716 supplicio
862 1629 1035 1707 feriuntur,
1070 1637 1106 1695 ut
1127 1629 1241 1720 nefarii
1265 1631 1348 1695 oculi
1371 1630 1424 1713 qui
1447 1631 1572 1697 indices
1594 1633 1760 1698 criminum
1784 1634 1856 1700 fue-

225 1743 297 1802 rant
325 1735 424 1802 duces
453 1754 525 1801 4444
554 1734 652 1817 fugae
682 1754 745 1799 444
776 1741 919 1818 possent.
968 1733 1038 1797 Huc
1071 1732 1178 1816 itaque
1204 1738 1237 1799 et
1258 1732 1339 1798 illuc
1360 1734 1498 1798 incertos
1521 1735 1687 1821 implicant
1709 1738 1802 1803 orbes
1825 1745 1857 1803 et

225 1859 327 1906 vacuo
349 1847 473 1904 noctem
496 1837 606 1903 labore
628 1842 828 1903 consumunt.
881 1837 942 1919 (43)
970 1835 1128 1902 Redditur
1149 1835 1242 1901 terris
1266 1835 1352 1917 dies,
1380 1837 1565 1918 agnoscitur
1587 1837 1730 1919 facinus,
1757 1839 1792 1905 fit
1814 1839 1856 1905 ad

226 1941 425 2009 sacerdotem
449 1960 632 2006 concursus.
672 1941 879 2006 Demonstrat
893 1941 1009 2004 beatus
1025 1939 1159 2005 antistes
1175 1959 1254 2021 quos
1269 1940 1411 2006 oratione
1427 1946 1573 2006 tenuerat
1587 1942 1695 2024 aitque
1711 1951 1857 2011 auctores

178 2064 207 2104 ss
227 2044 367 2110 criminis
397 2063 497 2129 prope
527 2049 655 2129 pontem
678 2042 733 2126 qui
755 2043 919 2127 proximus
942 2041 1013 2107 urbi
1037 2050 1086 2107 444
1109 2041 1262 2108 caecitate
1286 2062 1359 2108 esse
1381 2063 1552 2128 percussos
1574 2053 1606 2110 et
1626 2066 1729 2112 vacuo
1752 2047 1856 2114 lassos

226 2148 340 2214 itinere
363 2146 539 2214 considere.
592 2148 654 2230 (44)
680 2145 732 2210 hd
761 2152 888 2230 pontem
919 2165 996 2228 ergo
1026 2144 1103 2225 itur,
1138 2145 1339 2230 reperiuntur
1361 2146 1478 2212 nefarii
1500 2148 1641 2214 criminis
1664 2149 1727 2230 rei,
1758 2150 1857 2218 inter·

227 2251 393 2335 rogatique
416 2270 479 2332 quo
501 2250 586 2316 irent
608 2249 726 2332 quidve
750 2249 798 2314 eis
821 2256 908 2315 esset
930 2247 1067 2331 negotii,
1095 2248 1186 2313 aiunt
1209 2268 1243 2315 44
1267 2249 1394 2332 longius
1416 2250 1502 2315 44114
1525 2271 1676 2335 pergere,
1704 2254 1763 2319 sed
1785 2275 1856 2320 cum

229 2361 315 2420 esset
337 2355 416 2420 hora
439 2353 506 2419 fere
530 2351 595 2417 diei
617 2353 729 2435 tertia,
759 2359 913 2436 accepto
936 2371 971 2417 44
994 2351 1105 2416 4114444
1127 2351 1241 2417 1414444
1264 2372 1384 2438 opacae
1407 2353 1509 2452 poetis
1531 2355 1671 2420 tenebris
1694 2356 1853 2442 impediri.

226 2457 278 2522 Ad
306 2457 506 2523 sacerdotem
536 2455 673 2538 denique
701 2454 940 2540 pertrahuntur.
993 2455 1054 2537 (45)
1082 2456 1197 2538 Itaque
1227 2475 1298 2521 cum
1327 2456 1376 2520 414
1405 2456 1611 2522 beatissimus
1641 2458 1764 2525 illatam
1795 2461 1857 2528 sibi

176 2577 206 2619 44
227 2559 374 2625 iniuriam
399 2559 488 2627 velut
510 2558 543 2624 in
565 2558 694 2623 sublimi
716 2559 840 2643 positus
861 2565 936 2625 ante
959 2557 1151 2643 despiceret,
1177 2566 1285 2624 tamen
1308 2559 1383 2625 licet
1405 2560 1508 2625 divini
1527 2582 1646 2627 memor
1662 2571 1749 2629 44444
1763 2585 1858 2649 prae-

226 2663 320 2748 cepti,
348 2663 473 2728 alienas
496 2662 598 2727 noluit
619 2662 731 2747 culpas
754 2661 823 2728 sine
848 2660 978 2746 propria
1000 2660 1118 2727 virtute
1143 2661 1306 2744 castigari,
1333 2683 1407 2728 nam
1424 2662 1552 2747 dempto
1567 2664 1667 2749 pallio
1683 2685 1740 2732 444
1757 2669 1858 2734 44441-

226 2766 318 2849 legos
347 2765 398 2830 bis
427 2771 484 2831 aut
510 2764 603 2830 tertio
624 2764 657 2828 in
681 2765 775 2830 dorso
798 2763 972 2849 percussit,
1010 2763 1095 2846 quod
1118 2765 1164 2829 ita
1186 2765 1219 2829 14
1242 2785 1351 2830 eorum
1374 2767 1525 2832 membris
1547 2769 1682 2851 insedit,
1716 2778 1750 2835 ut
1771 2772 1857 2838 omni

226 2870 267 2934 ab
294 2868 375 2955 ipsis
405 2867 544 2934 atrocius
572 2868 705 2933 verbere
736 2866 797 2932 sibi
830 2886 902 2932 esse
929 2873 1104 2952 putaretur.
1159 2869 1220 2950 (46)
1246 2868 1363 2933 Multos
1394 2889 1518 2953 quoque
1548 2873 1695 2954 regulam
1717 2875 1858 2941 melioris

226 2971 311 3037 ritae
342 2977 561 3054 transgressos
590 2971 693 3036 sancti
723 2969 875 3052 tegminis
905 2969 970 3034 1441
992 2976 1079 3035 tactu
1102 2970 1146 3035 ad
1169 2970 1402 3036 emendationis
1426 2973 1596 3039 sanitatem
1619 2975 1764 3058 reduxit,
1798 2977 1858 3043 4441

176 3092 206 3134 44
227 3094 355 3159 semper
384 3073 559 3140 secundum
591 3074 719 3139 modum
750 3073 876 3158 peccati
905 3072 1153 3158 impendebatur
1179 3093 1255 3139 cura
1276 3075 1410 3140 remedii
1432 3081 1465 3141 et
1487 3096 1543 3161 pro
1566 3078 1720 3160 qualitate
1744 3079 1858 3166 culpae

225 3178 275 3243 414
305 3177 503 3244 inferebatur
531 3176 708 3242 vindictae.
755 3176 809 3242 Sic
840 3196 917 3260 ergo
944 3176 1047 3242 sancti
1069 3176 1102 3241 in
1125 3177 1268 3243 oratione
1291 3177 1350 3244 4141
1374 3178 1407 3243 14
1431 3179 1564 3246 latebris
1586 3179 1705 3248 factum
1729 3185 1857 3252 animae

225 3282 343 3347 441444
366 3280 479 3346 1444144
501 3279 603 3345 morbi
626 3279 800 3345 remedium
824 3279 938 3345 444414.

317 3386 377 3468 (47)
405 3382 509 3466 Igitur
534 3382 722 3448 criminosus
752 3383 883 3474 quidam
913 3383 1050 3447 ortulum
1083 3383 1186 3449 sancti
1215 3382 1276 3448 4141
1300 3383 1451 3467 exiguum
1474 3385 1603 3469 quidem
1628 3388 1741 3472 spatiis
1765 3389 1859 3454 laetis
1881 3389 1926 3454 VI

225 3495 334 3553 tamen
356 3485 513 3571 conspicit
534 3484 688 3550 virentem
712 3485 887 3568 holeribus,
913 3486 1092 3570 ampliabat
1114 3485 1142 3551 41
1165 3486 1296 3570 quidem
1319 3487 1381 3553 loci
1403 3488 1571 3571 augustias
1594 3510 1731 3557 amoena
1749 3492 1859 3557 iocun-

176 3608 206 3649 ao
226 3589 321 3656 411444.
369 3588 484 3654 Statim
514 3607 591 3670 ergo
621 3588 720 3655 atroci
748 3594 855 3654 mente
885 3588 962 3654 furti
994 3587 1120 3654 facinus
1152 3589 1299 3675 concipit.
1364 3593 1423 3672 (48)
1450 3592 1563 3674 Itaque
1593 3593 1737 3659 redditur
1767 3596 1859 3662 terris

226 3710 343 3758 occasu
366 3691 432 3758 diei
454 3691 556 3756 noctis
579 3690 741 3756 silentium
765 3691 883 3774 vixque
906 3691 1003 3758 corda
1025 3692 1208 3759 mortalium
1230 3694 1299 3758 alta
1321 3693 1411 3777 quies
1434 3694 1521 3761 dulci
1544 3715 1656 3780 sopore
1676 3697 1855 3782 laxaverat,

226 3815 298 3861 cum
322 3793 378 3859 ille
401 3791 640 3860 accommodum
664 3792 771 3859 fraudi
793 3800 919 3880 tempus
940 3796 1140 3880 amplectens
1156 3796 1281 3881 prosilit
1296 3796 1433 3862 audacia
1447 3798 1562 3882 plenus
1577 3799 1620 3864 ad
1636 3800 1759 3866 scelera
1775 3801 1859 3868 levi-

226 3916 289 3980 que
316 3896 459 3981 impulsu
488 3916 572 3979 quae
602 3895 772 3961 obstabant
802 3897 988 3963 cedentibus
1017 3897 1087 3964 adit
1115 3900 1269 3981 ortulum,
1303 3899 1415 3965 holera
1444 3900 1566 3984 diripit,
1600 3901 1688 3968 abire
1712 3902 1855 3988 festinat,

228 4000 286 4065 sed
316 3999 470 4064 divinitus
499 3998 665 4064 retinetur.
718 4001 779 4084 (49)
807 4001 926 4066 Nullus
955 4002 1073 4068 etenim
1104 4002 1268 4068 remeandi
1299 4003 1405 4068 exitus
1434 4010 1524 4088 patet
1551 4012 1582 4070 et
1604 4005 1651 4071 ita
1673 4026 1748 4073 4444
1769 4009 1858 4075 44441

178 4121 209 4162 44
228 4122 305 4189 sepe
336 4103 428 4185 quasi
457 4123 547 4168 muro
578 4102 737 4184 vallatus,
773 4104 892 4187 exigua
922 4125 1049 4189 nanque
1072 4106 1238 4171 obstacula
1261 4106 1350 4172 44144
1372 4107 1457 4172 omni
1480 4115 1660 4175 constructa
1683 4111 1857 4178 munimine

227 4223 370 4271 crescere
392 4204 530 4288 fugienti
551 4204 701 4271 videntur
722 4207 755 4271 in
779 4208 905 4273 molem.
946 4209 1057 4275 Noctis
1074 4228 1151 4292 ergo
1166 4208 1263 4275 totius
1279 4209 1340 4274 iter
1355 4210 1494 4294 spatium
1510 4212 1605 4277 ortuli
1620 4212 1691 4278 fuit.
1731 4214 1859 4282 Interea

226 4328 339 4375 roseae
362 4307 443 4374 lucis
467 4308 619 4393 splendor
641 4309 795 4375 mundum
810 4310 947 4378 irradiat
961 4311 1108 4394 facieque
1123 4312 1220 4377 rebus
1234 4311 1360 4379 reddita
1375 4313 1469 4378 terris
1484 4313 1540 4378 lux
1555 4313 1650 4381 redit.
1703 4319 1764 4400 (50)
1792 4317 1859 4401 lgi-

226 4419 278 4477 tur
305 4412 419 4478 beatus
450 4431 549 4478 senex
577 4411 610 4477 in
641 4414 761 4479 cellula
789 4414 844 4479 uhi
874 4415 989 4499 spretis
1019 4415 1138 4481 somnis
1160 4415 1317 4482 inertibus
1339 4424 1463 4483 noctem
1488 4417 1575 4484 dulci
1597 4418 1805 4487 meditatione
1827 4429 1859 4487 et

226 4523 337 4581 sancto
368 4515 480 4581 labore
511 4522 713 4600 transegerat
742 4537 839 4582 unum
871 4538 888 4584 e
919 4518 1071 4584 fratribus
1095 4526 1188 4584 vocat
1209 4519 1402 4603 mittensque
1424 4520 1457 4585 in
1480 4522 1618 4587 ortulum
1641 4523 1789 4605 mandat,
1823 4532 1858 4590 ut

177 4637 208 4677 ro
228 4638 323 4701 quem
357 4618 435 4683 inibi
469 4638 575 4684 errore
609 4620 766 4686 lassatum
801 4640 859 4687 suo
892 4629 925 4687 et
956 4622 1044 4689 44144
1076 4622 1269 4706 quibusdam
1298 4630 1436 4689 artatum
1466 4625 1604 4691 41444114
1632 4626 1677 4691 ita
1706 4626 1856 4693 innexum

225 4721 356 4789 crimine
385 4723 581 4808 repperisset
609 4723 793 4790 attraheret.
842 4724 938 4791 Haud
968 4745 1057 4791 mora
1087 4726 1129 4808 it,
1163 4726 1303 4813 repperit
1324 4734 1357 4793 et
1378 4728 1520 4793 attrahit.
1572 4729 1633 4814 (51)
1660 4729 1763 4796 Adest
1783 4730 1858 4798 ilico

225 4824 424 4906 criminosus,
454 4826 571 4893 furtum
595 4826 627 4891 14
650 4827 757 4893 medio
779 4828 903 4913 proicit,
930 4828 1032 4913 pedes
1056 4830 1277 4916 complectitur
1299 4831 1486 4897 sacerdotis.
1532 4834 1646 4915 Itaque
1668 4833 1716 4899 414
1737 4835 1857 4920 pietate

312 5100 435 5170 3atrocl]
453 5103 540 5152 cm.L
681 5101 855 5172 8144444444]
878 5105 945 5167 Verp.
966 5107 1028 5156 Aea.
1054 5107 1081 5167 V,
1102 5109 1152 5157 847
1289 5105 1393 5175 341414]
1413 5107 1447 5169 Μ,
1468 5108 1549 5157 iusL
1684 5110 1715 5161 38
1735 5113 1858 5174 spatloB

226 5186 258 5235 29
276 5185 390 5254 quidem]
410 5191 489 5251 spatio
507 5188 566 5239 odd.
585 5191 606 5238 L
763 5190 797 5240 30
816 5193 931 5254 44444414
948 5191 971 5240 Β
1127 5194 1241 5243 redditur
1258 5191 1344 5261 terris]
1362 5195 1397 5255 es.
1418 5208 1495 5256 supro
1513 5212 1537 5243 v.
1559 5198 1602 5258 13,
1621 5196 1720 5246 reddito
1738 5200 1812 5247 terris
1832 5199 1859 5247 Μ

224 5271 255 5321 31
276 5287 376 5323 occasus
394 5274 437 5324 sL
553 5277 653 5325 silentio
672 5275 741 5324 SML
858 5275 965 5345 nixque]
986 5280 1020 5341 es.
1041 5293 1117 5342 supra
1136 5297 1161 5330 v.
1181 5282 1207 5343 8,
1228 5282 1272 5329 uix
1292 5280 1362 5329 sML
1479 5281 1685 5331 3344444144
1704 5283 1728 5330 Β
1832 5293 1857 5334 44

209 5359 317 5408 ,scelere
334 5360 357 5406 Β
474 5360 506 5411 33
525 5376 588 5424 quae
606 5363 740 5411 obstabant
758 5360 919 5431 cedentibus]
938 5367 1028 5414 transit
1047 5366 1113 5428 quod
1131 5368 1244 5415 obstabat
1262 5367 1283 5415 L
1397 5368 1459 5416 adiit
1476 5368 1500 5414 Β
1615 5367 1648 5417 34
1666 5368 1711 5418 4441
1730 5370 1857 5421 diuinitus

225 5443 360 5514 retinetur]
378 5462 427 5496 om.
445 5448 466 5495 L
603 5450 699 5496 etenim
719 5446 859 5517 remeandi]
876 5456 961 5500 tamen
978 5452 1102 5501 redeundi
1121 5452 1142 5500 L
1278 5450 1369 5521 44144]
1387 5456 1445 5516 qula
1465 5453 1485 5501 L
1622 5457 1655 5506 35
1674 5458 1783 5506 uallatur
1801 5458 1824 5507 Β

225 5529 434 5598 nanque]om‚L
541 5533 573 5583 36
592 5530 714 5602 14414441]
727 5537 776 5584 41141
788 5536 885 5585 odd.L
990 5536 1022 5586 31
1041 5538 1189 5588 reddltan
1293 5537 1326 5590 33
1345 5541 1372 5588 14
1385 5541 1496 5589 aestibus
1509 5541 1625 5590 noetlsB
1729 5543 1763 5594 lo
1781 5539 1857 5612 141141]

224 5617 301 5665 iblL
404 5616 452 5686 144]
470 5618 556 5668 om.B
666 5619 696 5669 41
719 5621 914 5672 abstraheretL
1017 5619 1050 5690 14]
1067 5625 1093 5685 Β,
1115 5625 1187 5673 illurn
1207 5624 1235 5686 B,
1258 5624 1350 5674 adltL
1457 5629 1567 5688 repperit
1585 5632 1611 5677 et
1628 5625 1743 5698 attrahit]
1762 5632 1857 5693 reperit

223 5704 344 5753 abstrahit
364 5705 384 5752 L
489 5707 560 5755 adest
578 5702 647 5773 ilico]
665 5706 716 5769 SL,
737 5712 766 5756 ut
783 5722 845 5759 nero
862 5710 937 5759 411414
954 5723 1035 5760 eoram
1054 5712 1180 5761 sacerdote
1198 5712 1221 5759 Β
1326 5711 1359 5762 ll
1377 5712 1509 5776 pedesque
1527 5714 1551 5761 Β

1611 5818 1648 5870 8.
