4374 6186
857 433 1055 493 osculavit
1076 440 1145 493 LlB.
1170 439 1217 493 vi.

568 623 707 689 cardinis
730 624 852 690 occidui
875 624 1043 692 dominans
1066 627 1098 691 in
1121 626 1198 692 flore
1220 628 1369 693 iuventae

565 726 629 791 iam
653 727 811 809 gravitate
834 746 928 793 sones
950 735 1138 812 tenerosque
1161 730 1347 814 supervenit
1369 751 1485 797 annos:

565 830 669 912 legem
692 837 827 896 naturae
849 830 965 896 memit
987 832 1178 915 praecedere
1201 833 1313 899 iactis:

564 931 711 1014 quamvis
734 953 836 1016 parva
859 940 967 1001 tumeu
990 934 1069 998 nulli
1092 935 1193 1000 minor
1215 937 1350 1019 imperat
1371 943 1472 1001 actas.

564 1033 619 1116 qui
643 1053 771 1100 sensum
795 1042 918 1101 mature
940 1036 1023 1119 regit
1045 1038 1232 1120 generosius
1257 1038 1307 1103 hic
1331 1046 1381 1103 est

564 1136 711 1220 quisquis
733 1137 766 1201 iu
789 1145 926 1221 angusto
950 1138 1045 1204 suerit
1067 1139 1258 1205 moderatior
1286 1165 1296 1187 r

485 1294 488 1298 ,
564 1240 612 1305 sic
633 1239 721 1304 fovet
743 1240 795 1306 hic
816 1241 953 1325 populos
976 1241 1056 1325 ipsis
1078 1242 1271 1307 intrantibus
1293 1243 1402 1317 annis,

564 1350 599 1407 ut
620 1350 713 1426 pater
735 1350 768 1408 et
789 1363 845 1408 rex
869 1344 927 1425 sit,
953 1344 1076 1409 nulium
1099 1352 1231 1428 gravet,
1257 1346 1361 1429 erigat
1383 1367 1504 1412 omnes.

563 1445 654 1510 uuila
675 1445 746 1510 dies
768 1446 837 1511 sine
860 1446 954 1530 fruge
977 1449 1082 1513 venit:
1107 1447 1170 1513 nisi
1192 1469 1335 1531 congrua
1357 1457 1516 1533 praestet,

564 1548 698 1631 perdere
721 1548 815 1633 plura
837 1557 944 1633 putat,
971 1551 999 1615 si
1022 1571 1085 1615 non
1109 1551 1305 1617 concesserit
1326 1538 1446 1636 ample.

564 1650 685 1733 gaudia
707 1651 858 1717 diffundit
880 1651 1019 1716 radianti
1041 1652 1161 1718 lumine
1184 1654 1307 1735 uultus,

481 1797 485 1809 ·
564 1753 675 1819 nubila
696 1754 786 1818 nulia
808 1761 945 1837 gravant
966 1756 1119 1838 populum
1143 1756 1203 1820 sub
1226 1776 1301 1838 rege
1325 1775 1454 1833 sereno;

564 1862 693 1941 pectore
715 1864 839 1922 maturo
862 1857 974 1942 cuipas
998 1857 1144 1941 indulget
1166 1859 1315 1924 acerbas:

563 1959 650 2025 unde
672 1959 729 2025 alii
752 1969 903 2043 peccaut,
930 1961 1127 2044 ignoscendo
1149 1961 1209 2026 iste
1233 1962 1423 2045 triumphat:

564 2063 676 2129 doetus
699 2064 783 2128 onim
805 2063 955 2146 quoniam
977 2063 1080 2147 prima
1103 2063 1206 2129 estin
1229 2063 1374 2148 principe
1397 2065 1497 2130 virtus

564 2185 637 2232 esso
660 2166 765 2250 pium,
792 2165 867 2249 quia
889 2184 1017 2250 semper
1039 2166 1137 2231 habet
1158 2167 1212 2249 qui
1235 2187 1366 2250 parcere
1389 2169 1491 2232 novit.

481 2288 486 2323 τ
565 2267 693 2351 corrigit
713 2268 783 2352 ipse
807 2267 895 2353 prius
918 2268 1002 2352 quod
1025 2268 1128 2353 poscit
1149 2276 1184 2333 ut
1206 2269 1287 2334 aiter
1310 2269 1476 2334 emendet:

565 2370 618 2453 qui
642 2371 703 2434 sibi
726 2390 862 2436 censura
884 2377 949 2451 est,
977 2370 1116 2453 reliquos
1139 2371 1221 2436 benc
1245 2371 1318 2454 iege
1341 2379 1477 2437 coercet.

564 2473 682 2556 inquo
705 2472 803 2556 digna
826 2480 956 2540 manent
977 2473 1133 2556 quidquid
1156 2472 1197 2538 de
1220 2493 1297 2555 rege
1318 2473 1481 2556 requiras,

564 2577 651 2642 solus
674 2583 761 2641 amat
783 2584 913 2642 cunctos
936 2583 1115 2642 clamatur
1136 2577 1177 2641 ab
1201 2575 1347 2641 omnihus
1369 2578 1476 2641 unus’.

511 2723 516 2732 «
612 2706 614 2710 ·
651 2680 766 2764 Incipit
787 2679 863 2744 inde
886 2680 995 2745 Venus
1018 2679 1132 2744 laudes
1154 2699 1329 2744 memorare
1353 2679 1498 2762 puellae:

570 2787 606 2847 ‘o
629 2782 719 2865 virgo
742 2781 887 2846 miranda
909 2781 1005 2858 mihi,
1033 2781 1191 2866 placitura
1212 2781 1330 2864 iugali,

565 2885 682 2950 clarior
704 2883 865 2965 aetheria,
891 2883 1125 2950 anichiidis.
1153 2883 1303 2968 lampade
1326 2883 1474 2966 fulgens,

565 2986 689 3051 lumina
710 3006 908 3069 gemmarum
931 2986 1090 3070 superasti
1114 2986 1233 3050 iumine
1256 2986 1381 3066 vuitus,

566 3089 669 3154 altera
690 3096 767 3155 nata
789 3089 897 3154 Venus
920 3109 1019 3172 regno
1043 3088 1153 3154 dotata
1175 3088 1315 3165 decoris,

567 3193 719 3274 nullaque
741 3191 917 3257 Nereidum
940 3192 981 3257 de
1004 3192 1131 3275 gurgite
1154 3191 1229 3257 talis
1252 3191 1371 3257 Hibero

558 3294 691 3360 Oceani
714 3295 774 3360 sub
797 3296 883 3360 sonte
906 3301 1013 3374 natat,
1039 3315 1103 3359 non
1126 3294 1194 3359 ulia
1216 3295 1351 3379 Napaea

566 3398 745 3481 pulchrior,
771 3398 844 3482 ipsa
865 3418 942 3463 suas
965 3397 1105 3463 subdunt
1127 3397 1185 3462 tibi
1207 3397 1340 3462 flumina
1362 3398 1533 3482 nymphas.

303 3655 334 3702 19
353 3657 473 3704 iuuenem
490 3652 494 3722 l
510 3658 558 3704 iam
578 3655 720 3724 Broreerus]
747 3661 866 3708 iuuentae
882 3654 886 3724 l
903 3664 952 3707 tam
970 3658 1001 3719 G,
1029 3653 1249 3724 iuuentaetltam
1274 3657 1300 3714 i',
1329 3652 1544 3724 iuuentaletiarn
1566 3658 1592 3718 C,
1622 3659 1726 3708 iuuenta
1742 3656 1746 3725 Ι
1762 3666 1788 3708 ct
1806 3667 1856 3710 tam

234 3740 317 3799 ΑΜΒ,
337 3738 460 3807 iuuenta!
477 3749 526 3791 tem
547 3744 616 3791 DBL
754 3744 787 3793 80
805 3747 931 3805 grauitate
951 3741 1007 3811 BL]
1030 3744 1150 3804 grauitati
1169 3743 1249 3802 Aba,
1270 3744 1400 3802 grauitatis
1419 3740 1476 3800 οΜ,
1496 3742 1606 3801 grauiter
1624 3742 1645 3788 d
1783 3761 1857 3796 sena

233 3825 271 3876 ad.
287 3823 359 3893 Pan]
378 3842 449 3876 senos
468 3826 641 3889 ACDGBLR,
662 3844 739 3878 senus
759 3829 786 3877 Μ
905 3836 1058 3893 teuerusque
1079 3828 1140 3891 06¹,
1162 3835 1308 3891 tenerasque
1328 3827 1362 3889 iii,
1383 3834 1532 3889 teucrosque
1551 3828 1575 3874 D
1697 3832 1857 3901 superuenit]

231 3917 329 3972 praetor
347 3914 386 3961 nit
404 3915 422 3963 ι’.
442 3928 491 3963 res.
518 3914 544 3974 0,
566 3921 705 3977 superueut
722 3914 755 3962 0¹
866 3930 948 3965 annus
967 3917 992 3963 Ι)
1113 3915 1143 3965 81
1165 3919 1248 3964 natrse
1269 3912 1298 3960 0¹
1414 3912 1500 3961 abhinc
1517 3926 1600 3961 errasse
1617 3928 1668 3962 aon
1685 3915 1858 3978 dirtinpasr'lii

233 3997 266 4046 82
291 3998 407 4047 maioril
435 4002 465 4060 (o.
485 4000 518 4047 ud
535 4015 559 4050 o.
582 4001 621 4060 71)
764 3999 881 4067 imperat]
907 4002 1013 4062 impedit
1037 4003 1096 4061 BL,
1126 4002 1224 4064 inpedit
1250 3996 1365 4058 11102111,
1395 3999 1511 4061 inpendit
1535 3998 1665 4060 AOM¹D¹,
1695 4002 1794 4063 impetit
1811 4003 1860 4052 GV

233 4084 265 4133 83
290 4086 335 4145 qui
358 4097 461 4133 sensum
486 4092 583 4135 mature
608 4087 671 4146 regit
688 4083 722 4151 A]
748 4086 805 4147 quis
828 4088 994 4135 iusumrnatur
1017 4089 1081 4146 regit
1102 4086 1272 4134 euocauit
1296 4087 1448 4145 (insumstur
1466 4083 1496 4144 iii
1636 4089 1775 4146 generosior
1797 4089 1856 4139 Vera.

234 4168 266 4218 ai
285 4176 391 4228 augusto
410 4171 482 4219 Dos
614 4174 640 4219 lra
657 4173 705 4235 dne
727 4185 789 4220 aeuo
805 4173 888 4233 suppl.
909 4171 947 4220 ed.
969 4170 1028 4218 Pur.
1163 4174 1311 4219 conicimus:
1331 4173 1389 4231 quis
1407 4183 1509 4219 sensum
1527 4175 1623 4219 mature
1641 4175 1706 4233 regit
1722 4188 1858 4234 generosus

233 4252 286 4320 [ut]
305 4255 345 4304 hic
363 4260 417 4304 est?
435 4271 484 4318 quo
502 4259 560 4319 quis
577 4258 605 4306 iu
623 4262 727 4316 augurato
745 4258 822 4306 fuerit
839 4257 985 4306 moderatior
1002 4253 1071 4323 [ede]
1095 4256 1130 4316 es.
1151 4256 1176 4315 9,
1198 4259 1230 4304 70
1334 4255 1367 4305 85
1386 4257 1431 4304 sie.
1451 4256 1529 4304 i'ouet
1549 4256 1571 4303 A
1590 4261 1659 4318 quusi
1677 4261 1703 4305 in
1721 4260 1757 4308 sio
1774 4274 1858 4309 uersus

233 4340 328 4388 desinat
448 4344 556 4405 populus
575 4342 654 4401 cbo,
673 4344 814 4405 popuiisA
935 4339 1009 4409 ipsis]
1031 4344 1082 4404 ipsi
1100 4342 1162 4390 sid
1301 4341 1333 4390 86
1352 4337 1392 4407 ut]
1417 4346 1443 4389 et
1460 4339 1554 4389 uoltu
1674 4351 1760 4403 gmuet
1777 4347 1859 4408 erigat

234 4422 331 4492 omnes]
355 4428 464 4487 grtuitcr
482 4429 532 4487 egit
549 4442 634 4477 omnes
653 4428 784 4489 ACMDG,
810 4429 921 4489 grauiter
938 4430 1005 4490 regit
1021 4442 1107 4476 omnes
1127 4426 1195 4475 ssa
1317 4425 1348 4475 87
1368 4427 1434 4487 frugi
1453 4424 1546 4474 dvm
1649 4436 1759 4491 praestet
1778 4430 1859 4498 BLR]

234 4514 367 4574 prsetestit
385 4512 466 4573 ΛΟΜ,
496 4516 588 4575 praesit
607 4514 661 4575 po,
690 4528 773 4563 veura
790 4517 831 4562 oia
849 4518 969 4562 correctus
989 4512 1148 4574 (intercidisse
1165 4518 1220 4575 post
1237 4515 1270 4561 81
1289 4528 1385 4562 vasum
1403 4513 1477 4561 buius
1494 4515 1645 4562 munitae:
1664 4515 1768 4576 perdere
1786 4524 1859 4578 putat

234 4612 263 4645 ea
281 4611 346 4658 quae
363 4611 413 4646 uon
431 4599 509 4647 soluit
526 4601 627 4648 coniecit
645 4599 817 4659 Momrmenua)
960 4598 993 4648 88
1011 4599 1115 4661 perdere
1131 4600 1208 4659 priori
1225 4603 1307 4647 versui
1324 4598 1394 4647 addit
1413 4598 1447 4658 Μ,
1468 4598 1567 4662 porderi
1588 4598 1608 4645 0
1727 4599 1812 4668 putat]
1831 4610 1858 4652 at

235 4687 251 4731 r'.
272 4697 321 4732 rus.
345 4684 371 4744 0,
391 4683 506 4747 putetit
645 4684 747 4734 89-98
765 4687 792 4733 irs
812 4686 1005 4734 Ceorttiuenlur
1021 4684 1107 4732 aelredo
1125 4687 1187 4733 iuter
1204 4684 1225 4744 s.
1247 4687 1280 4732 83
1298 4689 1322 4732 ei
1339 4686 1373 4733 85
1390 4689 1417 4732 ut
1434 4685 1456 4745 f.
1476 4685 1509 4732 84
1529 4678 1667 4733 inuenisse
1684 4685 1725 4732 aed
1742 4688 1824 4736 alieno
1843 4705 1859 4736 o

235 4772 404 4830 quaternione.
439 4783 523 4817 veram
539 4771 622 4830 primo
638 4785 717 4819 noenu
735 4773 818 4832 scripti
939 4769 972 4819 89
990 4770 1019 4818 de
1039 4769 1061 4816 P
1076 4770 1112 4830 cs.
1131 4771 1165 4817 orl
1182 4787 1206 4818 o.
1229 4772 1259 4817 74
1382 4768 1491 4818 radianti
1512 4765 1546 4836 G]
1562 4770 1674 4818 radiente
1692 4771 1726 4832 D,
1748 4772 1859 4822 rsdiante

235 4855 299 4914 rsit,
319 4854 378 4914 sort.
400 4855 512 4903 radiante
530 4852 568 4923 [a]
718 4854 751 4904 90
769 4870 886 4906 seranum
905 4856 936 4904 0¹
1089 4855 1119 4905 91
1140 4858 1240 4904 acerbos
1258 4854 1305 4915 M1,
1324 4868 1425 4918 aoerpaa
1444 4853 1467 4902 P
1614 4853 1646 4903 92
1665 4857 1819 4916 ignusoendo
1839 4859 1861 4906 P

236 4938 268 4989 94
287 4936 359 5006 quia]
379 4954 453 5002 quarn
473 4941 503 4988 0¹
637 4955 741 5004 paruere
759 4941 792 4990 Ρ1
923 4947 979 5003 port
996 4942 1029 4991 lli
1048 4944 1075 4989 ln
1091 4956 1136 4990 oro
1155 4943 1239 5003 infimo
1256 4954 1355 4989 aarum
1372 4939 1480 4988 donatus
1498 4940 1567 4987 enlm
1585 4942 1701 5002 quonism
1721 4944 1802 5006 prima
1820 4951 1860 4994 est

238 5027 270 5081 lo.
292 5028 334 5088 93)
357 5027 377 5074 0
489 5027 522 5076 95
540 5028 646 5089 corregit
665 5027 760 5075 crui)
873 5024 939 5093 ipse]
957 5029 1011 5089 ipsa
1029 5027 1058 5085 P,
1080 5030 1107 5075 in
1127 5041 1154 5076 se
1171 5028 1196 5074 D
1306 5040 1369 5088 quos
1389 5024 1418 5071 0¹
1436 5039 1498 5074 corr.
1521 5024 1560 5085 0¹,
1581 5025 1665 5087 qsiL
1775 5037 1860 5091 poseat

238 5113 283 5160 AC
406 5114 518 5162 emendit
537 5112 603 5173 Ciss,
625 5114 741 5163 emendat
761 5113 783 5160 P
918 5111 952 5162 90
970 5126 1060 5175 requos
1083 5112 1111 5159 C¹
1236 5118 1331 5161 coercet
1350 5108 1407 5177 ΡΒ]
1426 5114 1516 5160 coercit
1536 5111 1592 5172 CM,
1613 5111 1726 5161 cohercet
1744 5113 1860 5164 AGBLR

235 5199 266 5246 91
287 5199 408 5260 quidquid
427 5195 486 5266 AR]
503 5200 622 5263 quioquid
640 5201 692 5248 reli.
810 5200 920 5260 requires
939 5197 997 5261 ΡΜ,
1017 5199 1142 5260 quirasei
1256 5198 1293 5246 bie
1309 5211 1394 5245 uersus
1413 5203 1436 5245 et
1455 5199 1469 5245 7
1487 5202 1609 5258 aquaeue
1625 5201 1731 5258 propriis
1748 5201 1860 5248 ilneieii

235 5283 269 5333 98
287 5290 393 5333 cunctus
408 5283 445 5331 Μι
548 5284 685 5334 abortui)
790 5283 838 5334 100
856 5298 870 5332 o
887 5280 971 5350 uirgo]
990 5286 1035 5345 qni
1052 5285 1148 5343 ergoD
1254 5283 1298 5332 101
1320 5282 1456 5332 clamored
1473 5285 1579 5342 priorem
1595 5297 1692 5330 oasam
1710 5284 1783 5332 trahit
1800 5284 1827 5332 Μ

236 5369 404 5418 brunichildis
422 5367 455 5437 G]
483 5370 636 5421 brunichildi
657 5369 745 5430 ardu,
777 5370 933 5418 brunechildi
952 5369 1035 5425 DBL,
1065 5367 1189 5417 bmnlohli
1212 5369 1238 5429 V,
1268 5369 1388 5418 bilichildi
1409 5368 1453 5415 ΟΡ
1587 5374 1642 5428 posi
1659 5370 1760 5430 fulgens
1777 5384 1861 5419 erem

235 5460 252 5502 0
271 5455 407 5504 litterati!
511 5455 558 5505 102
577 5453 685 5522 lumina]
704 5457 806 5504 iiras.
822 5459 833 5503 1
848 5470 882 5508 m,
901 5454 928 5501 Μ
1033 5453 1080 5503 103
1100 5455 1183 5503 detate
1196 5453 1243 5513 M¹‚
1258 5455 1341 5503 datats
1354 5451 1398 5500 Mu
1504 5452 1551 5502 roi
1570 5448 1614 5519 de]
1625 5453 1650 5501 dl
1666 5450 1730 5514 1²0²,
1745 5454 1779 5503 du
1792 5453 1825 5500 0¹

236 5542 304 5589 ibero
323 5542 353 5601 L,
375 5542 517 5589 hibernoG
640 5541 688 5590 105
706 5544 788 5590 ociani
811 5541 830 5588 0
949 5537 1008 5607 sub]
1025 5540 1056 5589 de
1077 5540 1098 5587 L
1214 5553 1263 5587 non
1282 5540 1350 5587 nulia
1370 5538 1443 5584 ribo
1561 5552 1655 5600 napsea
1674 5536 1745 5605 Vera]
1764 5540 1861 5602 naphes

237 5627 381 5686 derasa,
407 5628 480 5677 naies
498 5626 533 5689 Μ,
555 5627 669 5690 cnaphea
687 5626 734 5674 DG
873 5626 921 5676 106
939 5626 1065 5688 pulchrior
1080 5629 1161 5687 priore
1178 5639 1249 5675 versu
1269 5623 1297 5673 Μ
1433 5627 1488 5688 ipae
1510 5625 1531 5673 L
1670 5621 1741 5693 suas]
1758 5638 1807 5672 om.
1830 5627 1857 5688 C,

237 5729 294 5768 suos
316 5712 346 5763 0¹
452 5713 568 5781 nimphas
586 5711 619 5775 G,
640 5713 730 5761 nimiae
750 5712 778 5763 Μ
