4396 6196
835 396 929 452 VITA
948 394 1084 452 saucii
1101 394 1277 451 aunuum
1831 397 1870 456 57

244 589 384 655 nubibus
416 587 487 654 dies
520 609 594 653 mox
625 587 754 652 diabolo
784 587 916 652 exitium
947 586 1070 668 ferens,
1108 586 1244 651 terribili
1272 606 1400 668 nanque
1431 585 1534 651 sonitu
1564 584 1686 649 fulmen
1715 582 1874 667 increpuit

245 691 428 776 pariterque
458 690 572 756 infelix
596 689 820 756 simulachrum
845 690 933 770 ferit,
968 689 1083 755 dividit
1104 689 1335 773 dispergitque.
1387 689 1449 771 (19)
1476 688 1590 753 Fertur
1611 708 1669 772 per
1691 707 1768 752 aera
1790 686 1873 771 lapi·

244 796 341 860 deum
370 794 597 877 sacrilegorum
628 814 763 858 numen:
796 792 883 876 qnod
912 793 959 858 ita
989 792 1150 857 diversam
1172 792 1206 856 in
1228 799 1351 877 partem
1375 791 1498 857 ultricis
1520 791 1681 875 procellae
1703 790 1795 855 turbo
1817 788 1875 855 de-

244 897 335 979 iecit,
368 904 404 964 ut
430 905 553 982 partem
583 916 667 962 nunc
694 896 765 962 eins
788 895 951 961 Lauterna
971 901 1081 961 teneat
1103 895 1206 976 uuus,
1242 902 1367 979 partem
1389 893 1559 960 Avarionis
1581 894 1701 960 habeat
1722 893 1792 977 ripa
1813 893 1875 960 llu-

211 1000 340 1066 sminis
370 1000 403 1065 in
433 1000 649 1066 testimonium
678 999 803 1065 virtutis
831 1006 984 1085 perpetuo
1014 1005 1192 1064 servatura.
1239 999 1368 1064 Partem
1390 998 1431 1062 ab
1455 998 1533 1063 urbe
1555 998 1665 1082 procul
1687 1004 1801 1082 patens
1823 1017 1875 1063 re-

244 1104 325 1169 tinet
346 1122 479 1189 campus
501 1124 569 1169 rem
591 1103 672 1169 tanti
694 1102 840 1168 miraculi
863 1101 986 1167 risibus
1008 1100 1178 1184 ingerens,
1207 1101 1461 1167 ammirationem
1484 1101 1655 1185 praebens,
1689 1100 1875 1166 memoriam

244 1214 503 1292 repraesentans.
563 1207 623 1290 (20)
651 1206 765 1288 Itaque
796 1205 907 1271 divina
936 1205 1139 1291 providentia
1167 1205 1314 1271 verberat
1341 1204 1475 1288 impios,
1512 1210 1547 1268 ut
1575 1203 1702 1269 animae
1733 1205 1875 1269 morbum

247 1311 386 1396 corporis
409 1309 619 1375 afflictatione
642 1315 750 1389 sanet,
785 1308 880 1374 etde
903 1309 1050 1375 adversis
1072 1307 1216 1374 remedia
1238 1326 1436 1392 praeparans
1459 1307 1597 1373 salutem
1619 1306 1803 1373 infirmitate
1826 1327 1876 1373 re-

246 1413 364 1496 stituit,
397 1413 535 1496 ideoque
566 1411 757 1495 sacrilegam
787 1412 914 1496 plebem
945 1410 1119 1497 percussit,
1151 1416 1187 1476 ut
1213 1410 1364 1495 perderet
1386 1431 1475 1491 eam,
1510 1417 1543 1478 et
1564 1410 1620 1495 pia
1642 1430 1739 1475 manu
1760 1409 1878 1477 inflixit

196 1535 224 1576 ro
245 1517 397 1597 vulnera,
431 1537 471 1582 ne
500 1516 606 1601 ipsam
636 1515 774 1599 puniret.
835 1517 896 1598 (21)
931 1515 1006 1580 Fuit
1033 1534 1110 1598 ergo
1140 1533 1294 1598 praeseus
1321 1534 1428 1599 paena
1458 1534 1520 1579 non
1549 1514 1628 1580 ultio
1657 1514 1790 1580 sceleris
1818 1514 1877 1580 sed

244 1619 373 1685 medela
410 1620 551 1703 peccati,
589 1639 672 1701 quae
707 1618 880 1703 perimeret
913 1625 1099 1703 peccatum,
1137 1624 1298 1684 coerceret
1330 1623 1545 1702 peccatorem:
1587 1617 1724 1683 extinxit
1757 1617 1876 1684 crimen

245 1729 376 1788 anctore
399 1730 525 1788 servato
549 1722 724 1804 obortaque
747 1720 843 1786 simul
866 1728 917 1787 est
938 1741 977 1786 ex
998 1721 1106 1786 dolore
1123 1721 1223 1803 salus,
1250 1740 1290 1786 ex
1305 1721 1354 1785 ira
1369 1720 1516 1786 remissio
1530 1720 1652 1785 multis.
1704 1722 1765 1805 (22)
1792 1721 1877 1787 Nam

246 1833 281 1891 ut
309 1825 537 1891 simulachrum
568 1824 702 1890 fulmine
732 1823 830 1889 ictum
858 1822 1015 1904 dissiluit,
1051 1823 1158 1889 statim
1181 1824 1297 1906 quibus
1319 1823 1422 1889 iuerat
1443 1823 1617 1889 iuventutis
1640 1824 1737 1888 robur
1758 1824 1876 1906 quique

246 1928 287 1994 de
316 1927 424 1994 media
452 1935 543 1994 nocte
571 1928 749 2011 vergebant
778 1927 811 1992 in
841 1927 965 1992 senium
996 1927 1108 1992 auditu
1139 1927 1296 1993 obstrusis
1326 1927 1456 1992 auribus
1480 1945 1621 1992 caruere.
1668 1926 1779 1993 Iunior
1801 1947 1876 1994 vero

197 2051 226 2093 rs
246 2032 414 2115 minusque
445 2051 563 2097 nocens
591 2037 682 2097 aetas
712 2031 831 2096 mansit
859 2030 1044 2111 incolumis,
1080 2029 1138 2095 sed
1160 2030 1194 2094 hi
1216 2030 1331 2113 quibus
1354 2029 1452 2094 altius
1475 2030 1694 2113 serpentinum
1716 2029 1803 2096 virus
1826 2031 1877 2096 in-

246 2136 370 2200 oluerat
388 2135 565 2203 feriuntur.
613 2134 700 2212 Quos
727 2154 804 2217 ergo
827 2132 870 2198 ad
893 2133 989 2198 fidem
1012 2133 1210 2217 praedicatio
1233 2139 1346 2200 sancta
1368 2153 1431 2197 non
1453 2140 1597 2198 moverat
1618 2133 1756 2216 insignis
1780 2134 1877 2201 mira<

246 2237 312 2303 culi
333 2237 435 2303 virtus
457 2237 605 2322 impellit.
657 2239 719 2319 (23)
747 2235 799 2300 Ad
821 2235 1044 2301 beatissimum
1067 2235 1187 2301 etenim
1210 2235 1313 2302 virum
1337 2242 1542 2320 concurrunt,
1574 2235 1725 2302 facinoris
1748 2237 1877 2302 veniam

245 2347 402 2425 expetunt
430 2348 462 2406 et
490 2347 669 2422 merentur,
704 2339 839 2404 amissos
862 2344 1011 2423 repetunt
1033 2358 1148 2405 sensus
1171 2347 1269 2422 atque
1292 2339 1488 2424 percipiunt,
1523 2339 1665 2404 sentiunt
1686 2340 1758 2405 sani
1780 2341 1877 2406 fontis

245 2442 367 2508 fluenta
388 2450 421 2509 et
441 2443 604 2509 hauriunt.
651 2442 810 2509 Discessit
832 2462 908 2526 ergo
931 2442 1048 2507 vulnus
1070 2443 1213 2524 illatum,
1240 2449 1369 2508 curatur
1391 2443 1554 2508 inventum
1578 2462 1637 2507 nec
1660 2443 1744 2508 ultra
1766 2463 1877 2509 emen-

195 2546 408 2613 nudationem
443 2548 578 2612 verbera
610 2545 677 2611 illis
711 2546 925 2611 contulerunt.
987 2548 1048 2628 (24)
1083 2545 1136 2612 Sic
1167 2545 1314 2611 dominns
1345 2552 1453 2610 noster
1481 2544 1588 2610 fidelis
1618 2546 1761 2612 oratioue
1792 2547 1877 2612 servi

246 2650 411 2731 antiquam
435 2649 639 2735 putredinem
661 2649 805 2714 ulcerum
828 2648 969 2730 curavit,
1002 2648 1137 2713 vulnera
1159 2648 1303 2731 sanavit,
1337 2647 1470 2732 flagella
1493 2649 1620 2729 lenivit,
1654 2649 1734 2714 iram
1757 2656 1877 2717 terrore

246 2753 453 2836 compescuit.
507 2754 559 2819 Ita
589 2752 697 2817 divino
725 2772 857 2817 munere
887 2751 1023 2817 bellator
1054 2752 1205 2834 egregins
1232 2751 1385 2835 praedam
1416 2751 1546 2817 inimico
1575 2752 1722 2832 abstulit,
1762 2754 1877 2820 detulit

246 2856 352 2938 caelo,
381 2857 522 2922 detraxit
543 2855 646 2936 hosti,
674 2854 795 2920 auctori
817 2854 972 2919 restituit:
1011 2855 1157 2938 captivos
1180 2855 1265 2920 enim
1288 2854 1429 2920 reddidit
1451 2854 1592 2920 libertati
1614 2854 1777 2939 praedone
1800 2876 1877 2941 cap·

246 2959 311 3024 tivo
334 2959 484 3042 vitaeque
507 2965 647 3025 mortuos
669 2958 779 3023 mortis
802 2965 931 3023 auctore
954 2964 1110 3043 prostrato
1134 2958 1339 3024 restauravit.
1391 2960 1449 3040 (25)
1478 2958 1519 3023 ut
1540 2957 1615 3023 ilico
1638 2957 1678 3024 de
1702 2960 1877 3044 penetrali-

197 3083 228 3125 us
248 3063 309 3128 bus
331 3062 436 3128 cordis
459 3063 612 3146 sacrilegi
633 3061 759 3145 peccati
781 3061 926 3126 maculas
949 3060 1069 3127 Christi
1092 3081 1199 3126 amore
1222 3061 1358 3145 repulit,
1388 3060 1468 3126 fides
1491 3061 1664 3143 abstraxit,
1690 3063 1778 3126 unda
1800 3083 1878 3148 pur-

247 3166 336 3249 gavit
360 3173 393 3232 et
415 3166 532 3231 nivalis
555 3165 651 3229 simul
675 3163 795 3230 candor
817 3170 961 3230 terrenos
983 3163 1128 3230 homines
1152 3163 1289 3248 spiritali
1312 3163 1388 3230 fidei
1411 3165 1592 3230 velamento
1615 3164 1734 3247 induit,
1769 3166 1877 3249 sicque

246 3278 339 3353 pater
368 3270 518 3353 egregius
548 3268 718 3351 fidelisque
747 3287 860 3333 servus
890 3267 1071 3349 evangelici
1101 3267 1265 3351 praecepti
1287 3288 1409 3334 memor
1431 3268 1601 3334 commissa
1623 3268 1685 3334 sibi
1707 3289 1727 3334 a
1750 3269 1877 3336 domiuo

248 3371 334 3437 felici
356 3372 488 3438 faenore
512 3371 725 3457 multiplicata
748 3371 896 3436 restituit.

337 3476 399 3558 (26)
426 3474 669 3557 Aliquantulum
692 3494 767 3539 vero
789 3474 965 3557 posthaec
987 3472 1140 3556 temporis
1163 3472 1310 3553 fluxerat,
1338 3492 1408 3538 cum
1425 3473 1590 3557 praecepit
1605 3472 1729 3539 duobus
1745 3483 1877 3542 sauctae
1898 3469 1943 3533 IV

195 3577 404 3642 aeecclesiae
427 3577 567 3657 famulis,
594 3577 684 3641 utin
707 3576 837 3642 flumine
861 3577 946 3658 quod
968 3577 1058 3641 iuxta
1081 3577 1192 3640 urbem
1211 3575 1408 3660 praeterfluit
1422 3595 1542 3660 paucos
1558 3597 1614 3660 pro
1630 3578 1877 3644 advenientibus

247 3679 354 3763 pisces
378 3688 539 3764 caperent.
587 3679 683 3744 Haud
706 3699 794 3744 mora
816 3680 997 3763 praeceptis
1021 3678 1189 3758 obediunt,
1216 3678 1321 3762 pisces
1345 3679 1494 3762 capiunt,
1521 3679 1588 3742 lina
1609 3680 1731 3763 legunt,
1757 3681 1800 3746 ad
1823 3702 1878 3747 ur·

247 3783 319 3849 bem
343 3790 494 3860 remeant,
522 3800 602 3865 quos
626 3783 744 3847 milites
767 3781 823 3863 qui
845 3781 878 3845 in
900 3781 1062 3866 praesidio
1084 3788 1176 3847 erant
1190 3780 1329 3847 civitatis
1345 3780 1515 3846 redeuntes
1530 3782 1707 3847 offendunt.
1761 3786 1821 3866 (27)
1849 3785 1876 3849 Ii

246 3885 355 3951 hostili
385 3886 447 3950 ritu
473 3885 557 3970 septi
580 3885 745 3969 potiuntur
767 3884 910 3968 piscibus
933 3904 1051 3968 eosque
1074 3884 1160 3950 malc
1182 3885 1333 3950 multatos
1356 3882 1467 3967 flagris
1490 3884 1675 3967 relinquunt
1697 3886 1874 3953 exanimes.

246 3988 297 4053 Ad
325 3989 523 4054 sacerdotem
553 3988 666 4053 famuli
695 3987 831 4053 redeunt
853 3995 990 4071 atquae
1012 3988 1055 4053 iis
1078 3988 1172 4053 simul
1196 3988 1306 4053 ablata
1328 3987 1484 4069 illataque
1508 3985 1636 4053 fuerant
1658 3989 1749 4054 testis
1772 3990 1877 4055 luctus

196 4113 229 4154 aa
248 4091 385 4158 edocuit.
437 4093 498 4176 (28)
527 4092 646 4157 Beatus
668 4096 776 4155 tamen
798 4091 942 4175 pontifex
965 4091 1006 4157 de
1029 4091 1157 4157 amissis
1179 4111 1242 4156 nou
1265 4090 1367 4157 doluit
1389 4111 1429 4155 ex
1452 4096 1645 4175 contemptu,
1672 4090 1729 4156 sed
1748 4091 1876 4158 afflictis

247 4195 430 4278 congemuit
451 4217 491 4260 ex
515 4196 644 4260 aiiectu.
684 4193 780 4259 Illinc
802 4194 1014 4259 constantiam
1030 4195 1116 4278 rigor
1130 4193 1242 4274 tenuit,
1270 4194 1346 4260 hinc
1361 4194 1512 4260 lacrimas
1528 4195 1632 4278 pietas
1648 4194 1742 4260 fudit.
1782 4195 1877 4261 Felix
1918 4210 1920 4214 “

247 4318 319 4363 cum
342 4298 420 4363 vicit
441 4304 635 4382 contemptu,
667 4296 793 4362 felicior
816 4317 886 4362 cum
910 4296 1014 4362 victus
1037 4297 1153 4363 affectu
1178 4303 1238 4362 est.
1290 4300 1350 4379 (29)
1379 4298 1516 4363 Ι)οιιιιιιιι
1537 4297 1662 4363 interea
1684 4297 1802 4364 milites
1824 4319 1877 4364 re-

246 4408 368 4486 petunt,
394 4401 539 4467 nituntur
561 4399 714 4486 praedam
738 4399 888 4465 edomare
911 4399 1062 4465 flammis:
1091 4399 1235 4466 subiecto
1258 4400 1375 4466 etenim
1397 4402 1472 4484 igne
1488 4401 1652 4467 exundant
1666 4401 1791 4484 latices,
1818 4402 1875 4468 sed

246 4525 327 4570 novo
358 4512 489 4590 repente
519 4505 670 4570 miraculo
699 4502 807 4588 perdit
835 4503 899 4567 uim
930 4501 1058 4569 flamma
1089 4503 1243 4569 desiliens
1266 4510 1298 4569 et
1320 4511 1473 4570 aestuans
1496 4503 1528 4568 in
1551 4523 1679 4570 cassum
1703 4504 1875 4570 furibunda

332 4696 363 4744 27
383 4697 471 4745 Mattb.
492 4695 534 4755 25,
556 4694 596 4745 21.

334 5002 344 5052 1
365 5000 431 5071 dies]
450 5009 477 5054 et
495 5005 591 5054 adab
694 5005 854 5053 terribili-
872 5000 979 5070 fulmen]
997 5005 1118 5053 terribilis
1136 5006 1232 5054 tonitru
1249 5006 1329 5066 fragor
1346 5003 1368 5051 L
1474 5004 1489 5054 2
1508 5012 1534 5053 et
1552 5005 1706 5068 dispergitb
1811 5007 1872 5069 lapi-

245 5090 304 5137 dum
322 5090 344 5135 B
449 5090 585 5139 3diuersa
603 5092 630 5138 in
647 5089 759 5152 psrtcB
875 5085 1034 5156 ilruterna]
1053 5104 1121 5139 nuuc
1138 5090 1235 5141 odd.L
1338 5093 1409 5140 riuus
1427 5087 1536 5157 partem]
1555 5104 1615 5140 nero
1632 5090 1727 5139 auda
1832 5092 1876 5140 ha·

244 5177 302 5223 beat
320 5176 375 5236 ripe
392 5177 552 5225 auarlonlaB
656 5175 671 5224 5
691 5173 798 5243 partem]
817 5189 916 5238 quoque
935 5174 1028 5225 adan
1133 5175 1149 5225 6
1168 5178 1257 5226 usibus
1269 5179 1386 5237 ingerens
1399 5177 1425 5237 8,
1448 5179 1535 5226 usibus
1553 5178 1670 5225 humanis
1690 5178 1840 5238 ingereusb

244 5263 410 5310 ammirationi
422 5264 543 5323 praebens
555 5264 687 5311 memoriae
701 5263 722 5310 Β
823 5261 837 5310 7
855 5264 986 5324 itaque-
999 5261 1032 5312 28
1045 5258 1168 5329 restituit]
1181 5277 1229 5312 om.
1244 5262 1267 5310 Β
1368 5261 1399 5311 13
1417 5264 1527 5312 fulmine
1539 5258 1630 5329 ictum]
1644 5262 1673 5310 M
1787 5262 1816 5312 15
1836 5266 1873 5313 iu·

244 5343 403 5413 clueret]1ll‚
424 5349 605 5397 incalueratL
709 5347 743 5398 26
762 5349 855 5396 niualis
873 5345 963 5416 simul]
982 5349 1018 5410 Μ,
1039 5349 1254 5398 ualidissimusL
1358 5348 1391 5400 29
1410 5345 1481 5416 uero]
1499 5349 1586 5399 om.B
1691 5345 1760 5415 cum]
1778 5349 1840 5398 etL

244 5428 357 5499 sanctae]
376 5432 462 5482 om.B
568 5433 600 5483 32
619 5435 743 5496 praesidio
761 5435 873 5484 ciuitatis
892 5435 1037 5484 ederentB
1141 5431 1171 5502 il]
1189 5435 1270 5484 bisB
1387 5434 1419 5485 33
1438 5437 1504 5497 septi
1522 5437 1655 5496 potiuntur
1672 5431 1799 5502 piscibus]
1817 5448 1874 5498 sep·

244 5525 295 5567 tem
317 5520 394 5581 [saeui
414 5517 455 5580 Μ)
476 5520 506 5567 de
524 5522 636 5582 piscibus
655 5523 778 5571 uiolenter
796 5522 926 5582 abripiunt
945 5522 966 5569 Β
1088 5521 1120 5571 ³4
1138 5523 1172 5570 iia
1190 5518 1278 5588 simul]
1297 5523 1345 5570 sibl
1363 5522 1384 5570 Β
1506 5520 1537 5570 35
1557 5519 1599 5588 de]
1617 5521 1702 5570 omi,
1818 5519 1873 5589 sed]

242 5621 291 5654 om.
308 5605 331 5652 Β
437 5605 468 5654 36
487 5606 539 5654 illic
557 5607 649 5655 -hic
667 5607 690 5654 Β
792 5608 904 5667 uigori„
1015 5606 1048 5657 38
1067 5605 1137 5674 igue]
1155 5615 1326 5670 contemptum
1345 5607 1403 5657 edd.
1419 5604 1452 5656 Β)
1557 5608 1711 5657 exultant
1816 5604 1872 5675 sed]

242 5707 292 5740 om.
309 5692 330 5737 Β
435 5691 467 5740 39
486 5693 619 5740 furibunda
637 5694 663 5741 lu
682 5708 779 5744 mesum
796 5699 895 5743 aestuat
914 5694 937 5742 Β

320 5791 451 5833 resinam
466 5791 627 5836 sonivium.
1648 5797 1663 5848 ὃ
