4374 6186
277 389 318 451 82
578 384 772 441 OPVSCVLA
791 385 984 442 VENANTIO
1002 385 1230 444 FORTVNATO
1248 387 1352 442 MALE
1370 386 1597 444 ATTRIBVTA

275 596 397 661 pauca,
435 576 614 640 summissis
643 575 792 659 precibus
820 576 902 641 tanti
931 577 1057 660 patroni
1088 577 1296 661 imploremus
1325 578 1546 659 sanctitatem,
1579 584 1614 642 ut
1643 578 1702 660 qni
1735 598 1824 644 enm
1860 578 1949 644 fecit

276 698 442 744 coruscare
472 677 635 743 miraculis
664 699 722 744 nos
752 678 851 744 faciat
879 680 1058 745 exuberare
1081 680 1231 765 operibus
1254 681 1346 747 bonis
1369 681 1586 763 concedatque
1609 680 1706 747 nobis
1732 681 1946 765 praesentis

275 782 361 848 uitae
392 800 518 847 cursum
549 782 617 847 sine
648 783 772 847 offensa
799 789 1015 848 transcurrere
1039 783 1284 867 continuamque
1307 784 1397 868 pacis
1419 783 1684 865 tranquillitatem
1712 784 1884 850 obtinere
1909 792 1947 850 et

275 885 308 949 in
331 885 437 950 futuro
460 884 590 949 saeculo
613 883 657 948 ad
679 885 749 950 eius
771 885 964 949 consortium
988 885 1127 952 feliciter
1149 886 1333 970 pervenire,
1361 887 1414 969 qui
1437 888 1470 952 in
1494 887 1637 953 trinitate
1660 887 1829 972 perfecta
1855 888 1947 954 vivit

275 996 307 1053 et
329 988 484 1070 gloriatur
507 987 587 1053 deus
610 1008 669 1072 per
692 995 806 1052 cuncta
829 988 961 1053 saecula
984 989 1197 1055 saeculorum.
1245 991 1359 1055 Amen.
1966 1013 1980 1052 a

798 1701 1079 1799 PROLOGVS
1113 1702 1378 1801 sensuali.

364 1936 403 2013 (1)
431 1933 657 1998 Sasc'rrssruo
696 1950 848 1997 sxuc'rxs
885 1933 1098 1997 Parnsroavn
1136 1951 1261 1998 marrus
1299 1952 1485 1999 scenssrxn
1524 1954 1728 2000 rmxnsvnvn
1770 1957 1935 2005 mommo

273 2036 446 2101 Ganurxso
470 2034 671 2101 Gascornvs
694 2037 897 2102 Tvaosrcxn
929 2052 1144 2101 narsoronrs
1173 2054 1316 2102 nvnrnrs
1347 2055 1526 2102 srrscorvs
1557 2057 1725 2104 sxnvrsn.
1778 2042 1933 2110 Petistis

272 2159 361 2221 sane,
388 2139 432 2204 uti
455 2139 539 2204 vitas
563 2146 595 2204 et
617 2138 771 2203 miracula
793 2159 877 2221 quae
901 2138 1049 2204 dominus
1071 2158 1130 2222 per
1152 2139 1280 2205 beatum
1304 2140 1486 2205 Mamilium
1510 2147 1607 2223 atque
1622 2141 1779 2208 Albinum
1799 2147 1932 2212 Ande-

271 2263 419 2309 cavorum
450 2242 609 2309 antistites
639 2243 762 2327 operari
792 2242 1034 2325 dignatusest,
1069 2261 1150 2323 quas
1171 2243 1366 2308 Fortunatus
1387 2244 1547 2328 presbiter
1569 2244 1732 2310 luculento
1757 2265 1930 2316 sermone
1955 2269 1988 2309 ro

271 2346 500 2431 descripserat,
535 2345 723 2429 scriptorum
754 2345 841 2411 vitiis
862 2346 927 2410 iam
950 2365 1054 2430 paene
1077 2344 1271 2430 depravatas
1293 2354 1420 2413 nostrae
1443 2347 1642 2413 auctoritatis
1664 2347 1785 2432 peritia
1812 2355 1930 2418 corri-

269 2470 418 2532 geremus
450 2455 641 2530 vestraeque
675 2447 852 2528 devotioni,
891 2448 946 2530 qui
976 2447 1116 2532 priorum
1148 2448 1305 2533 exemplis
1334 2449 1486 2533 proficere
1516 2449 1645 2535 cupitis,
1684 2450 1923 2521 misissemus.

275 2554 313 2633 (⁴2)
342 2552 408 2617 Sed
431 2572 489 2617 nos
512 2552 704 2630 recolentes,
732 2551 759 2616 si
783 2551 816 2616 id
838 2551 1008 2634 egerimus,
1036 2550 1227 2635 perfidorum
1251 2571 1310 2617 nos
1334 2553 1503 2619 latratibus
1526 2560 1622 2636 atque
1645 2554 1828 2638 morsibus,
1860 2561 1926 2641 qni

269 2654 442 2721 doctrinam
465 2674 620 2737 quaerere
644 2655 792 2720 nesciunt
814 2654 873 2720 sed
895 2653 1050 2733 invidere,
1078 2653 1239 2736 dilaniari,
1267 2655 1405 2739 duplicis
1428 2655 1528 2721 taedii
1549 2676 1672 2722 merore
1688 2660 1921 2742 concutimur,

269 2758 344 2823 dum
369 2765 401 2823 et
422 2757 538 2823 vestris
561 2777 623 2821 non
647 2776 760 2841 parere
783 2757 979 2822 iussionibus
1003 2756 1147 2840 ipsisque
1170 2756 1342 2842 displicere
1365 2759 1548 2824 metuimus.
1590 2760 1656 2824 lisi
1670 2766 1782 2826 tamen
1802 2767 1925 2830 omni·
1950 2787 1983 2825 η

268 2861 407 2946 potentis
430 2860 713 2944 promissionibus,
748 2861 802 2943 qui
824 2880 882 2945 per
904 2859 1092 2944 prophetam
1117 2880 1208 2925 suum
1233 2861 1542 2945 loquensinnotuit‚
1576 2862 1653 2944 quia
1675 2866 1729 2946 qni
1750 2870 1923 2932 censebant

269 2969 299 3026 ia
324 2967 460 3027 lacrimis
483 2973 593 3026 metent
615 2967 646 3025 in
668 2965 802 3046 qorcdiis,
830 2969 957 3029 vestrae
981 2962 1178 3028 satisfaciam
1202 2965 1370 3030 voluntati.
1422 2967 1462 3048 (3)
1491 2964 1618 3029 Scimus
1639 2984 1798 3046 namque,
1833 2971 1922 3053 quia

268 3067 295 3131 si
326 3087 409 3148 quae
439 3066 539 3149 digna
563 3072 638 3130 sunt
660 3065 777 3129 imitari
802 3073 834 3131 et
856 3067 949 3132 altori
972 3073 1106 3150 possunt
1128 3068 1259 3133 saeculo
1283 3067 1449 3152 prodesse,
1483 3067 1755 3133 sanctissimorum
1779 3069 1920 3139 Christi

268 3169 485 3234 confessorum
512 3168 595 3233 vitas
620 3175 716 3250 atque
739 3169 872 3235 virtutes
896 3170 969 3235 stilo
993 3170 1065 3252 quis
1088 3170 1261 3253 digesserit
1283 3171 1519 3255 correxeritquc
1542 3172 1592 3236 vel
1615 3159 1748 3251 rustic‘o,
1782 3182 1822 3239 et
1846 3177 1919 3242 sibi

267 3270 446 3338 mercedem
470 3278 503 3337 et
524 3271 643 3336 imitari
665 3271 846 3337 volentibus
869 3273 1012 3339 conferet
1033 3273 1180 3356 adusque
1203 3275 1351 3340 salutem.
1404 3276 1445 3358 (tl
1473 3274 1692 3340 Permaximas
1710 3274 1813 3357 igitur
1829 3300 1916 3363 pre·
1941 3300 1976 3342 ro

266 3374 509 3442 tiosissimornm
540 3373 659 3440 Christi
688 3374 904 3441 confessorum
928 3377 1068 3442 Maurilii
1096 3384 1192 3460 atque
1216 3378 1323 3443 Albini
1355 3378 1489 3443 virtutes
1512 3396 1576 3442 non
1598 3376 1684 3461 loqui
1709 3378 1779 3444 sive
1804 3384 1916 3448 corri-

267 3498 345 3562 gere
368 3478 443 3561 quia
465 3477 619 3544 memoria
642 3477 762 3561 dignae
785 3486 859 3544 sunt
882 3480 1000 3546 crimen
1024 3481 1188 3562 ducentes,
1216 3481 1343 3565 plebeio
1361 3487 1396 3546 ut
1410 3480 1598 3565 postulastis
1614 3487 1741 3546 utentes
1759 3484 1909 3566 calamo,

266 3602 327 3665 quo
351 3582 456 3665 potius
478 3581 668 3665 vulgaribus
692 3582 827 3665 prosint,
854 3581 894 3647 de
917 3583 1066 3667 plurimis
1089 3604 1194 3668 pauca
1218 3583 1274 3648 sed
1296 3591 1403 3649 tamen
1427 3584 1488 3649 deo
1511 3591 1593 3650 teste
1616 3583 1786 3650 verissima
1802 3590 1913 3653 corri-

265 3705 380 3769 gemus
413 3685 596 3751 omittentes
627 3685 766 3768 plurima
799 3705 819 3749 a
848 3685 1024 3751 Fortunato
1058 3685 1146 3752 edita
1180 3707 1262 3769 quae
1297 3685 1444 3750 fortassis
1478 3686 1663 3753 infidelibus
1695 3687 1912 3757 incredibilia

266 3788 462 3854 viderentur.
515 3793 552 3870 (bl
582 3788 672 3866 Quae
695 3807 771 3853 vero
794 3808 814 3852 a
836 3788 929 3853 nobis
952 3796 1094 3854 correcta
1118 3795 1191 3853 sunt
1214 3796 1340 3854 vestrae
1363 3789 1588 3855 sanctitudinis
1603 3789 1750 3874 petitioni
1767 3790 1910 3874 dignius
1934 3813 1969 3855 rs

266 3893 430 3959 offerenda
452 3892 646 3978 putavimus,
673 3899 708 3955 ut
730 3891 784 3973 qui
807 3891 880 3956 illos
903 3891 1022 3957 imitari
1037 3891 1188 3975 gaudetis
1204 3892 1330 3957 illorum
1346 3892 1521 3976 proficiatis
1536 3893 1706 3959 virtutibus
1720 3892 1904 3962 informati.

963 4149 1202 4234 busirim.

351 4339 377 4403 1.
405 4339 496 4404 Vnde
518 4338 686 4404 Mamilius
710 4345 796 4403 ortus
819 4338 916 4404 fuerit
939 4347 971 4405 et
992 4339 1130 4422 qualiter
1153 4360 1173 4403 a
1195 4338 1330 4404 blartino
1354 4339 1498 4405 eruditus
1521 4347 1553 4405 et
1576 4361 1596 4405 a
1617 4340 1712 4405 beato
1727 4339 1906 4408 Ambrosio

266 4463 366 4526 usque
397 4442 439 4507 ad
469 4443 619 4508 lectorem
650 4441 831 4521 ordinatus,
866 4441 1067 4526 postmodum
1090 4443 1261 4508 llartinum
1290 4449 1420 4508 secutus
1451 4449 1574 4508 ceteros
1602 4442 1722 4526 gradus
1752 4442 1793 4507 ab
1824 4443 1905 4529 ipso

265 4545 436 4631 acceperit.
1929 4573 1966 4613 ao

351 4650 394 4713 Il.
420 4647 568 4727 Qualiter
590 4669 610 4712 a
633 4648 769 4713 Martino
792 4647 856 4713 iam
880 4647 1038 4733 presbiter
1060 4649 1224 4714 seiunctus
1247 4647 1423 4714 Calonnam
1447 4647 1558 4712 villam
1582 4648 1767 4732 expetierit,
1802 4648 1904 4718 inde-

354 4825 383 4872 rs
402 4824 443 4872 Ps.
467 4821 524 4882 125,
546 4821 570 4870 5.

506 4967 674 4987 ..μ-...-

356 5082 383 5130 lb
403 5082 467 5130 Prot.
490 5081 639 5141 rraonooout
662 5082 725 5139 (Art.
747 5079 791 5128 SS.
814 5081 854 5128 13.
872 5081 938 5140 Sept.
961 5080 1004 5140 IV,
1023 5096 1050 5141 p.
1066 5083 1124 5142 iil:
1146 5082 1238 5130 Serunt
1257 5093 1314 5139 ergo
1332 5083 1358 5127 in
1377 5081 1496 5140 lacrimis,
1517 5084 1617 5128 metunt
1634 5082 1660 5127 in
1680 5080 1785 5141 gaudiis.

352 5340 366 5389 2
385 5336 536 5404 praesentis]
555 5342 640 5400 omo
763 5340 778 5388 4
797 5335 921 5406 perlecta]
939 5353 986 5387 om.
1004 5340 1026 5386 P
1147 5339 1161 5387 5
1180 5335 1266 5406 amen]
1284 5339 1352 5401 expl.
1372 5340 1426 5386 nita
1444 5340 1512 5386 beati
1530 5337 1624 5386 leobini
1643 5340 1708 5386 cont.
1729 5338 1786 5387 odd.
1803 5338 1833 5398 P,
1855 5341 1902 5391 nbi

264 5430 314 5476 cito
333 5429 395 5477 Fece
414 5432 485 5475 mart.
506 5429 616 5487 sequitur

349 5514 478 5575 blnclpit
501 5513 618 5574 prologus
642 5513 709 5559 beati
734 5513 841 5574 gregorii
866 5520 1011 5560 turonorum
1034 5513 1212 5574 archiepiscopi
1237 5515 1265 5561 in
1284 5513 1337 5560 ulta
1356 5513 1424 5560 beati
1443 5512 1556 5561 maurilii
1575 5513 1683 5573 episcopi
1702 5517 1728 5558 et
1747 5511 1903 5562 confessoris

266 5600 310 5646 GP
414 5599 446 5649 26
464 5594 605 5663 informati]
624 5598 729 5659 explicit
746 5599 861 5660 prologus
879 5597 937 5647 odd.
956 5598 1001 5646 GP

350 5685 379 5734 27
400 5686 529 5745 Incipiunt
548 5686 657 5746 capitula
675 5685 706 5733 de
726 5686 824 5733 ultast
844 5686 985 5733 uirtutibus
1004 5688 1069 5735 beati
1087 5686 1198 5734 Manrilii
1218 5686 1328 5748 episcopi
1349 5683 1393 5732 GP
