4374 6186
874 395 1044 451 insuti
1062 395 1281 451 ΡΟΚΠΣΔΠ

597 584 784 651 condicione
806 604 909 650 nova:
934 585 1014 650 eatis
1036 585 1118 651 iaec
1137 604 1191 651 res
1211 585 1293 650 mira
1313 605 1373 670 per
1392 585 1522 650 orbem:

597 683 700 751 flabra
719 686 834 753 timent
854 688 980 771 iguem.
1005 688 1098 753 timet
1119 687 1207 770 ignis
1228 688 1319 771 ligna
1340 707 1454 752 vorare

497 807 546 848 rus
597 796 694 871 atque
714 790 832 856 ssidse
852 789 1003 856 flammae
1024 810 1086 856 sus
1106 790 1302 856 nutrimenta
1322 797 1501 874 pus-emt

598 891 817 976 paulatimque
838 892 901 958 foci
922 913 959 958 se
980 893 1135 976 languida
1156 894 1269 976 lingua
1290 894 1450 959 resorbet:

598 1014 690 1059 urere
711 995 767 1076 qni
789 995 888 1063 solet.
912 1017 933 1060 a
955 1016 992 1061 se
1013 996 1085 1080 ipso
1106 997 1305 1061 eonsumitur
1325 997 1413 1079 iguis

598 1096 790 1180 liertinique
811 1097 891 1163 fides
913 1099 984 1164 sine
1006 1099 1147 1164 nubibus
1167 1100 1277 1164 intulit
1296 1099 1430 1164 imbres.

596 1238 603 1249 ·
684 1199 807 1265 Rursus
830 1206 865 1265 nt
886 1201 960 1265 irinc
981 1201 1072 1266 uliud
1094 1210 1226 1286 cuperet
1246 1201 1433 1267 subvertere
1454 1202 1629 1287 templum,

598 1301 719 1366 rustica
739 1302 834 1367 turbs
854 1309 942 1368 vetat
963 1304 1076 1368 divelli
1099 1303 1177 1368 isne
1199 1304 1348 1387 proisns.

599 1403 684 1469 unde
695 1405 855 1488 repulsus
876 1406 945 1471 adit
966 1406 1037 1471 loen
1058 1407 1221 1491 proxima,
1247 1407 1307 1472 sed
1330 1407 1473 1473 biduano

599 1513 762 1572 contectus
784 1507 891 1572 cinere
912 1515 946 1572 et
966 1509 1067 1574 saetis
1088 1509 1212 1574 ieiunis
1233 1509 1357 1574 ducens

600 1609 739 1673 numinis
760 1609 916 1674 auxilinm
938 1610 981 1674 sd
1003 1611 1126 1696 templa
1148 1611 1359 1677 inminuenda
1381 1619 1543 1695 precetur.

599 1711 734 1776 militine
755 1712 925 1794 engeiiese
947 1732 1055 1778 eorem
1077 1713 1142 1779 duo
1163 1714 1309 1798 protinus
1331 1713 1451 1780 sdsunt

601 1813 718 1879 siderei
740 1833 907 1898 proceres.
933 1815 1045 1881 bustum
1067 1823 1101 1880 et
1121 1825 1214 1881 scuta
1234 1825 1394 1882 tenentes.

601 1917 777 1982 comminus
798 1917 850 1982 luis
872 1926 1018 1984 muttum
1040 1920 1225 2004 conpellunt
1247 1920 1379 1986 verrius
1400 1921 1502 1987 ultro:

605 2019 812 2105 praesidiis,
838 2020 991 2102 ilsrtine,
1015 2023 1081 2088 tuis
1102 2022 1285 2088 delabimur
1304 2023 1413 2088 astris

601 2122 768 2206 squalidus
788 2122 860 2207 ipse
882 2123 994 2205 sedes,
1021 2124 1079 2190 sed
1100 2124 1138 2189 fit
1158 2132 1214 2190 tus
1237 2145 1315 2191 curs
1335 2127 1492 2192 Tonantis

602 2225 828 2308 suffragiisque
850 2226 915 2291 tuis
937 2227 1019 2292 eseli
1042 2227 1151 2294 fremit
1171 2228 1294 2293 arduus
1315 2229 1388 2293 axis

600 2328 738 2411 belliger
760 2335 792 2393 et
813 2329 888 2395 totis
911 2331 1073 2414 conspirat
1093 2330 1252 2414 Olympus
1274 2332 1307 2397 in
1329 2332 1439 2397 umis.

602 2438 637 2497 ut
658 2438 772 2516 coepte
793 2431 935 2513 efficias,
959 2453 1018 2518 per
1038 2454 1096 2499 nos
1118 2433 1175 2500 tibi
1199 2434 1315 2500 militat
1336 2435 1459 2500 sother.

601 2534 756 2600 mittimur
776 2555 797 2599 s
819 2535 946 2601 domino
968 2536 1089 2619 gemini
1110 2544 1167 2601 tus
1188 2545 1296 2602 cestre
1316 2546 1483 2620 regentes,

601 2639 664 2704 hoe
685 2658 741 2723 pro
762 2645 854 2723 purte
876 2640 991 2719 duces,
1016 2640 1215 2724 meliorque
1236 2660 1337 2706 causa
1357 2640 1493 2706 laboret.

602 2762 686 2807 nuuc
708 2761 772 2824 sge
794 2762 907 2827 rumpe
928 2762 1053 2823 moras,
1079 2763 1142 2808 neu
1166 2744 1286 2809 mstien
1307 2744 1402 2809 turbs
1422 2745 1558 2811 rebellet

602 2865 692 2909 erma
712 2844 858 2909 ministrs
878 2844 990 2911 vides:
1016 2852 1158 2911 nostrum
1180 2854 1231 2911 est
1252 2865 1405 2931 superare
1428 2849 1593 2932 superbos.

524 2966 528 2975 ·
601 2948 711 3027 inrue,
736 2966 778 3011 ne
798 2946 958 3031 trepides,
984 2968 1044 3033 ope
1067 2954 1176 3013 nostre
1197 2949 1241 3014 ad
1261 2950 1383 3035 templu
1404 2951 1544 3033 ruenda,

601 3069 661 3114 nee
682 3048 821 3115 titubare
843 3049 937 3116 decet
959 3050 1050 3116 favor
1072 3058 1123 3116 est
1145 3051 1200 3117 ubi
1221 3053 1361 3118 numinis
1383 3053 1490 3119 almi'.

601 3160 669 3218 tum
691 3171 782 3217 sacer
804 3152 1000 3236 adgrediens
1022 3173 1177 3238 properus
1201 3153 1378 3221 dissolvere
1399 3156 1575 3240 templum,

601 3255 691 3322 idolo
713 3256 915 3339 comminuit,
941 3256 1019 3321 suna
1041 3257 1140 3338 eruit,
1165 3258 1270 3323 obruit
1291 3277 1365 3323 eres

500 3379 548 3421 ³20
601 3366 731 3443 totoque
753 3358 902 3425 sublimis
924 3359 1024 3426 iacuit
1045 3361 1105 3426 snb
1128 3361 1261 3445 pulvere
1283 3362 1397 3426 moles.

602 3462 764 3529 rusticitas
785 3462 917 3529 inimice
939 3463 1028 3549 prins
1050 3462 1139 3530 fsvet
1159 3463 1233 3549 ipsa
1254 3463 1366 3529 minse

600 3568 701 3633 instet
722 3573 756 3632 et
777 3566 901 3634 excidio
924 3588 1007 3652 quoe
1029 3566 1226 3634 defendebat
1248 3568 1409 3652 iniquum,

371 3758 443 3821 Sutp.
463 3758 520 3809 Seu.
545 3761 573 3810 V.
594 3760 629 3811 N.

267 3899 487 3960 compugnantium
509 3900 577 3948 inter
600 3913 628 3948 se
646 3898 826 3948 elementorum
845 3898 946 3960 quidem
965 3897 1097 3945 condictus
1115 3895 1251 3946 videretur.
1289 3898 1325 3945 ite
1349 3898 1442 3946 virtute
1461 3899 1564 3948 ilsrtini
1589 3901 1624 3947 ibi
1648 3904 1746 3948 tuntum
1769 3902 1836 3960 ignis
1859 3909 1901 3952 est

268 3989 392 4047 operatus,
412 3987 457 4034 ubl
475 3987 560 4036 iussus
578 3991 627 4036 ost.

338 4074 379 4131 lt,
400 4072 416 4119 3
440 4073 471 4119 In
489 4073 542 4121 vieo
559 4078 657 4134 tutem,
679 4073 721 4122 cul
739 4072 877 4134 Leprosum
896 4083 986 4118 nomen
1005 4074 1059 4128 est,
1080 4082 1136 4116 eum
1154 4069 1241 4116 itidem
1260 4070 1382 4132 templum
1401 4070 1622 4131 opulentissimum
1640 4072 1819 4132 superstitione
1838 4075 1899 4130 reil-

267 4158 349 4217 glonis
368 4158 488 4206 voluisset
505 4164 632 4220 evertere,
658 4159 754 4207 restitit
771 4159 795 4205 ei
815 4156 952 4205 multitudo
969 4156 1123 4216 gentilium,
1150 4154 1212 4203 adeo
1231 4160 1260 4202 ut
1277 4168 1326 4202 non
1345 4156 1439 4217 ubsque
1457 4157 1553 4203 iniuria
1570 4157 1604 4204 sit
1621 4157 1747 4219 repulsus.
1788 4157 1822 4220 (t)
1845 4160 1898 4207 itr-

268 4258 317 4307 que
336 4246 440 4293 secessit
458 4245 489 4292 sd
506 4246 619 4306 proxime
636 4246 704 4307 locs,
725 4245 811 4305 ibique
829 4242 1001 4304 pertriduum
1021 4242 1101 4290 cilicio
1118 4246 1203 4290 tectus
1222 4247 1248 4288 et
1266 4243 1365 4303 cinere,
1385 4243 1504 4290 ieiunans
1523 4255 1621 4304 semper
1637 4250 1713 4305 etque
1731 4257 1818 4307 oruns,
1836 4257 1899 4307 pre·

268 4331 369 4378 orbetur
392 4330 422 4377 sd
446 4329 588 4390 dominum,
618 4337 659 4386 ut,
686 4332 746 4393 quie
770 4330 893 4392 templum
917 4328 980 4376 illud
1004 4333 1115 4376 evertere
1140 4328 1249 4375 homene
1273 4342 1362 4375 munus
1387 4342 1437 4376 non
1461 4329 1598 4390 potuisset,
1625 4330 1706 4378 virtus
1730 4329 1794 4378 illud
1812 4330 1899 4380 divine

268 4415 388 4464 dirueret.
429 4415 462 4478 (3)
490 4420 544 4464 tum
562 4417 646 4464 subito
664 4417 687 4463 el
706 4417 755 4465 duo
773 4415 858 4476 angeli
875 4415 969 4463 hustetl
988 4420 1064 4475 utque
1082 4415 1172 4462 scutsti
1191 4415 1270 4462 inetur
1287 4414 1393 4461 milities
1411 4415 1526 4463 coelestis
1544 4427 1572 4461 se
1597 4415 1757 4476 obtulerunt,
1784 4417 1898 4467 dicentes

267 4501 357 4550 missos
375 4515 402 4550 se
420 4516 434 4548 s
452 4502 567 4561 domino,
593 4508 623 4550 ut
641 4503 759 4551 rusticam
777 4501 966 4551 multitudinem
985 4501 1105 4559 fugurent
1123 4501 1326 4562 pnesidiumque
1344 4500 1454 4549 Mertino
1471 4501 1582 4559 tenent,
1609 4502 1731 4564 nequis,
1752 4502 1812 4549 dum
1831 4508 1897 4552 tem·

266 4587 337 4652 plum
355 4587 502 4652 dirueretur,
524 4589 670 4637 obsisteret:
697 4588 792 4636 rediret
810 4601 868 4648 ergo
886 4593 913 4635 et
930 4601 993 4650 opus
1012 4595 1129 4648 coeptum
1147 4586 1252 4635 dovotus
1271 4587 1397 4647 impleret.
1440 4584 1473 4648 (0)
1494 4585 1531 4633 ite
1548 4599 1677 4645 regressus
1693 4587 1726 4634 ed
1744 4588 1835 4649 vicum,
1855 4590 1897 4638 lu-

267 4675 437 4737 spectsntibus
461 4675 595 4735 gentillum
614 4675 693 4723 turbis
711 4680 738 4723 et
755 4675 960 4736 quiescentibus,
989 4671 1048 4721 dum
1073 4674 1203 4735 profanum
1227 4672 1315 4721 eedem
1339 4686 1419 4734 usque
1443 4671 1474 4720 sd
1499 4671 1665 4720 fundamento
1689 4672 1816 4738 dirueret,
1841 4689 1897 4724 ures

267 4774 353 4810 omnes
371 4764 447 4822 etque
465 4761 597 4810 simulacre
614 4761 710 4822 redegit
728 4763 753 4808 in
773 4760 911 4821 pulverem.
953 4759 985 4821 (7)
1008 4771 1056 4821 quo
1074 4760 1127 4806 viso
1146 4758 1253 4819 rustici,
1273 4771 1329 4805 curn
1348 4771 1375 4804 se
1392 4757 1570 4817 intellegerent
1587 4757 1673 4805 divino
1692 4764 1758 4807 nutu
1775 4761 1896 4823 obstupe-

266 4849 344 4896 tectos
362 4852 436 4908 utque
453 4848 610 4909 perterritos,
630 4861 663 4895 ne
680 4849 796 4911 episeopo
815 4850 990 4908 repugnarent,
1012 4858 1099 4893 omnes
1117 4846 1169 4893 tere
1187 4846 1273 4893 lesum
1291 4843 1422 4892 dominum
1440 4843 1601 4892 erediderunt
1618 4857 1638 4891 e.
1660 4861 1683 4907 q.
1705 4860 1726 4894 s.

334 5174 384 5224 193
402 5177 543 5226 conditione
561 5175 631 5225 codd.
739 5174 789 5224 295
807 5174 943 5236 puulseunt
957 5173 980 5220 N
1081 5172 1132 5222 296
1151 5173 1211 5221 locis
1224 5173 1358 5232 elanguida
1374 5170 1418 5218 ΤΒ
1522 5173 1620 5219 resobet
1634 5170 1663 5216 P¹
1770 5170 1818 5220 297
1839 5176 1897 5236 ipso

268 5259 320 5330 TN]
337 5264 420 5325 ipsum
431 5262 558 5324 P¹NL¹N,
579 5261 725 5325 ipsuP²L²,
746 5263 825 5324 ipsum
837 5259 879 5320 13¹,
900 5256 1002 5320 ipssB⁴²
1105 5258 1155 5307 200
1174 5272 1231 5306 xvir
1246 5259 1276 5321 N,
1297 5272 1332 5305 xv
1346 5256 1393 5304 Pu·
1495 5270 1651 5305 cnunsrruvs
1669 5270 1784 5304 snrvnvs
1802 5271 1895 5308 numu
1954 5332 1957 5338 Ι

265 5353 301 5398 ste
321 5350 345 5398 N
447 5350 547 5399 elintN
649 5347 698 5398 302
718 5349 742 5395 Ν
759 5351 785 5396 tn
802 5361 900 5406 muro:
919 5346 950 5394 de
969 5351 1023 5394 sets
1041 5360 1090 5394 non
1109 5346 1139 5393 de
1158 5347 1201 5393 siti
1307 5343 1356 5393 303
1376 5342 1529 5392 nominisl’l
1635 5343 1895 5415 inminuendsPNSJ

265 5438 437 5485 imminuendo
456 5436 542 5502 Num,
563 5436 737 5485 imminuendu
755 5432 797 5496 13¹,
817 5433 1018 5482 iniminondel'
1123 5431 1173 5480 304
1192 5438 1311 5494 protenus
1330 5430 1419 5479 PNTN
1531 5429 1581 5478 305
1599 5429 1735 5489 sydereis
1837 5446 1897 5493 pro-

265 5526 330 5573 ceris
348 5525 371 5572 P
523 5525 574 5574 306
593 5523 706 5571 eominus
725 5521 770 5569 Pr
925 5519 1065 5578 conpellent
1084 5514 1135 5584 ΡΒ]
1162 5517 1350 5579 conpellunti'
1507 5515 1557 5565 300
1576 5529 1636 5563 axes
1656 5515 1746 5576 ATN,
1778 5530 1853 5565 uses
1873 5518 1899 5566 N

265 5610 315 5659 310
333 5611 440 5673 olimpus
458 5611 516 5673 ΒΜ,
537 5610 664 5672 olimpius
683 5609 706 5655 B
822 5604 869 5653 311
890 5606 985 5652 olticlus
1005 5604 1034 5650 ΡΙ
1152 5605 1196 5650 ubi
1215 5600 1246 5650 1³¹
1363 5600 1412 5650 311
1432 5601 1537 5664 repellet
1556 5601 1612 5648 Pu*
1724 5600 1774 5651 316
1792 5603 1860 5651 irrue
1878 5604 1898 5652 Β

265 5696 313 5746 313
332 5693 383 5765 est]
401 5711 432 5745 es
453 5699 528 5760 (emi)
551 5694 583 5745 Pl
691 5694 741 5744 320
760 5689 850 5758 moles]
869 5693 942 5740 molis
959 5691 1029 5740 codd.
1138 5689 1184 5738 321
1207 5691 1276 5737 leuet
1294 5685 1435 5754 P'l'jlsuit
1453 5689 1506 5735 rell.
1614 5688 1669 5749 ipse
1688 5686 1711 5733 P
