4374 6186
876 394 1046 450 verinum
1064 393 1284 450 FORTVNA'I‘I

601 603 659 650 nec
682 585 825 670 perterre
846 585 935 669 pium
958 583 1134 669 longinqua
1155 584 1288 669 flagella
1309 584 1461 666 decebat,

601 687 730 770 quando
751 687 911 772 flagellari
933 688 1073 773 graviter
1094 708 1157 754 non
1178 687 1310 774 pertulit
1332 688 1446 752 ullum.

686 791 927 858 Praetereunda
948 791 1027 857 mihi
1048 812 1152 876 neque
1175 799 1250 857 sunt
1271 792 1353 857 haec
1374 790 1519 856 maxima
1538 811 1655 856 rerum.

601 894 761 960 Maximus
783 896 966 978 Augustus,
992 915 1071 961 nece
1093 894 1180 978 regis
1202 894 1362 959 maximus
1383 894 1482 959 armis

600 997 769 1083 imperinm
791 998 959 1082 indeptus,
985 997 1074 1065 civili
1096 997 1190 1063 clade
1213 997 1387 1082 superbus,

602 1101 677 1166 dum
700 1102 783 1186 regit
803 1101 950 1168 insolitas
973 1101 1134 1167 frenorum
1156 1101 1300 1167 infrenus
1322 1101 1484 1183 habenas,

600 1204 786 1289 pontificum
810 1205 860 1270 cui
882 1211 957 1271 tunc
980 1204 1122 1271 adulatio
1144 1205 1222 1270 laxa
1244 1205 1377 1270 favebat

601 1307 755 1391 principis
777 1313 810 1372 et
831 1314 910 1373 nntn
932 1307 1009 1373 cleri
1030 1314 1100 1374 tum
1123 1307 1261 1374 circulus
1283 1307 1371 1389 ibat,

601 1410 737 1476 Martino
759 1411 907 1477 veniente
929 1417 1037 1477 tamen
1058 1432 1115 1478 rex
1137 1411 1209 1496 ipsc
1230 1417 1396 1496 precatus,

601 1519 637 1578 nt
658 1519 804 1579 sanctum
825 1515 868 1579 ad
890 1534 1034 1581 mensam
1057 1515 1193 1582 habeat:
1220 1515 1275 1597 qni
1297 1534 1396 1598 saepe
1417 1513 1566 1598 repulsus

602 1616 732 1682 tandem
754 1618 928 1701 promeruit
949 1616 1018 1683 fieri
1041 1617 1178 1684 conviva
1197 1617 1297 1684 beati.

601 1718 735 1803 imperio
757 1719 933 1805 plaudente
955 1721 1050 1787 simul
1073 1720 1181 1802 sedet,
1208 1721 1293 1786 urbe·
1308 1720 1455 1802 favente,

602 1821 768 1887 convivam
791 1823 874 1890 caeli
896 1823 981 1908 quod
1003 1830 1130 1890 terrena
1152 1823 1274 1909 excipit
1293 1824 1380 1888 aula.

602 1925 799 1991 conveniunt
816 1945 982 2010 proceres,
1008 1926 1191 2012 praefectus
1214 1927 1327 1992 consul
1349 1927 1486 1993 honores

601 2029 744 2097 certatim
766 2029 900 2113 adsciti,
926 2029 1051 2114 regalia
1072 2030 1159 2096 festa
1180 2030 1338 2112 colentes,

600 2133 742 2219 principe
764 2132 940 2219 postposito
962 2133 1107 2199 miraturi
1128 2140 1203 2199 acta
1222 2133 1350 2200 sacrati.

600 2237 742 2321 Augusti·
759 2236 921 2322 obsequiis
944 2236 1053 2303 fremit
1073 2237 1215 2321 undique
1238 2237 1381 2304 concitus
1403 2237 1505 2319 orbis,

601 2338 732 2405 diuitias
754 2340 874 2424 pariter
894 2340 1076 2424 producens
1099 2339 1297 2424 deliciasque

601 2462 681 2525 quas
703 2443 801 2509 habet
821 2442 922 2508 Indus
944 2443 1048 2508 Arabs
1071 2442 1155 2509 Geta
1175 2444 1286 2509 Thrax
1307 2444 1408 2509 Persa
1429 2442 1508 2509 Ater
1529 2442 1684 2524 Hiberus,

601 2545 686 2629 quod
708 2546 773 2612 fert
792 2546 944 2612 meridies
965 2553 1070 2613 arctos
1093 2565 1228 2612 occasus
1250 2553 1285 2613 ct
1305 2552 1409 2628 onus,

600 2648 685 2731 quod
708 2650 828 2715 Boreas
850 2650 967 2734 Aquilo
990 2650 1068 2715 Libe
1090 2649 1221 2716 Circius-
1235 2650 1353 2714 Auster
1374 2655 1407 2715 et
1428 2648 1551 2731 Eurus,

600 2751 684 2835 quod
707 2751 797 2818 Genu
819 2759 853 2817 ct
873 2751 1013 2835 Phison,
1039 2752 1147 2837 Tigris
1167 2753 1382 2836 Eufratesque
1404 2752 1603 2831 redundant,

600 2855 731 2921 Rhenus
753 2855 839 2921 Atax
860 2855 1035 2921 Rhodanus
1057 2855 1166 2921 Tibris
1186 2855 1295 2921 Padus
1316 2855 1427 2920 Hister
1448 2854 1600 2937 Orontes,

601 2957 688 3039 quod
710 2977 798 3023 mare
820 2964 907 3023 terra
927 2958 1021 3042 polus
1043 2958 1133 3043 pisce
1155 2959 1233 3025 alite
1255 2959 1348 3041 fruge
1370 2956 1541 3023 ministrat.

524 3082 526 3087 ⁴
602 3060 762 3126 emblema
782 3080 912 3145 gemma
933 3061 1018 3146 lapis
1040 3067 1219 3128 toreumata
1240 3068 1330 3144 tura,
1356 3061 1497 3126 Falerna

600 3164 771 3247 Gazaque,
797 3164 894 3230 Creta
916 3165 1032 3230 Samus
1055 3164 1178 3250 Cypros
1201 3164 1358 3232 (iolofona
1379 3165 1541 3249 seraptis,

599 3267 707 3332 lucida
728 3267 904 3352 perspicuis
926 3267 1084 3333 certantia
1104 3268 1180 3333 vina
1201 3268 1342 3353 lapillis,

599 3370 654 3434 vix
677 3369 896 3435 discernendis
918 3371 1108 3455 crystallina
1128 3373 1245 3456 pocula
1266 3371 1361 3456 potis.

371 3573 441 3636 sep.
462 3576 516 3626 Sco.
542 3578 569 3627 V.
591 3577 625 3626 111.

269 3713 372 3771 augelus
395 3714 464 3764 visus
487 3720 526 3764 est
548 3716 633 3765 cinere
658 3717 762 3765 vulnera
786 3722 813 3765 et
830 3717 924 3765 salubri
942 3718 1087 3778 unguedine
1105 3721 1204 3767 contusi
1223 3719 1330 3780 corporis
1348 3718 1500 3780 superlinita
1517 3718 1622 3766 livores:
1648 3722 1724 3780 atque
1740 3719 1777 3766 itn
1795 3722 1893 3780 postero

270 3795 312 3845 die
330 3801 461 3850 restitutus
480 3808 519 3851 eet
536 3805 647 3864 sanitstl,
669 3809 698 3852 nt
715 3803 779 3851 nihil
798 3817 916 3866 nmquam
934 3804 1068 3866 pertulisse
1085 3805 1233 3853 incommodi
1251 3812 1389 3867 putaretur.

337 3888 380 3947 90,
401 3891 413 3936 1
441 3889 524 3951 Atque
541 3894 572 3938 nt
588 3891 683 3938 minora
700 3891 779 3938 tantis
796 3891 902 3939 insersnr
921 3916 954 3926 -
973 3892 1101 3952 quamvis,
1129 3897 1160 3939 ut
1177 3896 1217 3939 est
1235 3896 1374 3939 nostrorum
1392 3895 1462 3939 aetna
1479 3894 1633 3952 temporum,
1661 3891 1753 3952 quibua
1777 3891 1827 3937 iam
1844 3889 1892 3938 de-

269 3977 370 4030 pravata
387 3976 469 4022 omnia
486 3980 562 4039 atque
580 3983 695 4039 corrupta
713 3980 781 4038 snut,
802 3990 883 4038 paene
900 3978 1062 4040 praecipuam
1082 3978 1124 4037 sit,
1144 3977 1280 4026 adulationi
1298 3978 1380 4037 regiae
1398 3976 1574 4025 sacerdotalem
1592 3990 1641 4024 rron
1654 3978 1761 4024 cessisse
1773 3981 1891 4024 constan·

269 4057 331 4106 tiam
348 4084 398 4119 —,
421 4074 477 4109 cunr
495 4062 526 4110 ad
544 4063 716 4126 imperntorem
735 4063 888 4125 Maximum,
916 4063 1004 4112 ferocis
1022 4063 1120 4122 ingenii
1139 4064 1219 4111 virum
1238 4069 1265 4111 et
1282 4063 1402 4111 bellorum
1421 4063 1533 4111 cirillum
1551 4064 1654 4111 uictoria
1672 4063 1780 4123 elatum,
1806 4062 1892 4123 plnres

268 4155 300 4190 ex
318 4144 424 4195 dirersis
441 4148 507 4198 orbis
525 4150 638 4210 partibus
656 4150 767 4210 episcopi
786 4150 963 4198 convenissent
980 4154 1006 4196 et
1023 4149 1094 4197 foeda
1112 4149 1176 4196 cirea
1194 4150 1333 4211 principem
1350 4149 1463 4197 omniurn
1481 4148 1592 4197 adulatio
1610 4151 1737 4197 notaretur
1755 4160 1833 4209 aeque
1847 4146 1892 4195 de·

268 4241 360 4288 genere
378 4235 546 4283 inconstantia
563 4237 645 4296 regiae
662 4236 795 4284 clientelae
814 4234 973 4284 sacerdotalis
990 4236 1102 4296 dignitas
1120 4234 1282 4295 subdidisset,
1302 4237 1329 4283 ln
1348 4234 1398 4283 sole
1410 4235 1518 4282 Martino
1535 4234 1669 4298 apostolica
1685 4236 1822 4282 enatantes
1835 4247 1892 4295 per·

269 4318 393 4368 manebat.
434 4320 467 4382 (Ρ)
488 4332 546 4368 nam
564 4327 591 4369 et
608 4322 630 4370 si
647 4335 690 4383 pro
710 4322 835 4383 aliquibus
853 4322 905 4382 regi
924 4320 1117 4383 supplicandam
1135 4321 1199 4381 ttrit,
1226 4321 1360 4384 imperavit
1377 4321 1463 4382 potina
1481 4335 1553 4382 qnam
1572 4322 1682 4382 rogarit,
1703 4324 1730 4368 et
1747 4334 1762 4367 a
1779 4320 1892 4368 convivio

269 4401 324 4451 eine
347 4406 492 4466 frequentet
516 4412 616 4466 rogatus
637 4408 776 4467 abstinuit,
802 4408 889 4456 diceus
908 4422 935 4456 se
952 4421 1055 4455 mensae
1074 4408 1128 4454 eius
1146 4407 1295 4468 participem
1312 4421 1368 4456 esse
1387 4420 1437 4456 non
1455 4420 1542 4468 posse,
1568 4408 1612 4468 qni
1630 4407 1793 4468 imperatores
1810 4420 1890 4454 uuum

268 4500 352 4552 regno,
373 4491 480 4540 alterum
497 4492 548 4540 vita
566 4493 717 4555 expulisset.
759 4494 793 4556 (3)
813 4499 937 4556 postremo
954 4520 989 4530 -
1005 4520 1041 4530 -
1058 4495 1142 4542 victus
1159 4494 1200 4541 vai
1218 4494 1315 4542 ratione
1333 4494 1374 4542 vei
1392 4493 1507 4556 precibus
1525 4493 1556 4541 ad
1575 4493 1719 4542 convivium
1736 4492 1821 4554 veuit,
1842 4493 1891 4541 mi·

338 4749 371 4799 56
388 4751 459 4812 pium
477 4746 533 4817 BL]
551 4752 619 4813 piam
639 4751 667 4811 P,
689 4757 787 4812 raptum
808 4751 866 4812 NN,
887 4758 1011 4814 temptum
1031 4749 1070 4812 8²,
1090 4751 1158 4800 huuc
1176 4756 1231 4800 tum
1249 4752 1276 4799 Si
1383 4753 1494 4813 flagellat
1511 4750 1648 4799 decedebat
1660 4751 1683 4798 P
1786 4749 1817 4799 57
1837 4765 1892 4811 gra-

269 4834 337 4884 uiter·
353 4835 470 4899 pertniiit
487 4836 570 4885 ultum
588 4835 620 4884 P¹
736 4834 769 4885 58
787 4849 816 4885 rr
834 4837 863 4898 P,
884 4851 917 4885 111
935 4838 959 4886 N
1059 4851 1175 4886 corrrrvrr
1198 4839 1246 4900 (aie)
1268 4850 1369 4889 muru
1387 4836 1411 4884 N
1512 4837 1573 4884 nrlhi
1591 4850 1675 4898 nequa
1694 4837 1749 4900 PN,
1764 4835 1814 4886 Li.
1828 4833 1893 4903 raa]

269 4920 381 4983 mireque
401 4921 436 4983 Μ,
456 4925 519 4971 mire
537 4936 601 4985 qnae
620 4922 651 4984 B,
672 4924 750 4971 mirae
768 4923 870 4984 quaed
984 4921 1058 4991 haee]
1075 4923 1134 4984 sort.
1154 4938 1202 4974 nec
1322 4924 1356 4974 bo
1373 4925 1507 4986 imperinm
1526 4923 1646 4985 indeptus
1666 4919 1710 4989 L2]
1727 4924 1834 4986 imperio
1850 4923 1891 4971 in-

269 5009 361 5070 deptos
378 5010 433 5058 rell.
458 5009 611 5072 (indemptus
631 5006 691 5070 1³8¹)
832 5010 909 5059 ciuile
928 5011 950 5059 P
1097 5010 1130 5061 oe
1151 5013 1280 5075 principes
1299 5012 1321 5059 P
1457 5025 1515 5058 cum
1534 5009 1557 5057 B
1706 5009 1741 5058 65
1757 5010 1852 5058 habeas
1871 5009 1895 5056 P

270 5093 303 5143 70
320 5094 410 5144 adsciti
428 5097 464 5143 aia
481 5093 551 5142 codd.
658 5092 690 5144 73
709 5096 862 5158 deliciasque
881 5094 914 5163 L]
933 5097 1080 5159 dlliclasqne
1100 5098 1152 5159 NB,
1174 5098 1318 5160 diiltiasqne
1336 5096 1405 5147 ΡΝΝ
1508 5095 1541 5146 71
1559 5101 1614 5145 trax
1634 5094 1699 5144 Pus
1801 5095 1833 5145 75
1852 5110 1893 5144 se·

269 5180 344 5231 ridica
364 5181 389 5230 N
508 5177 599 5248 arctos]
619 5182 715 5231 arcthoa
734 5181 834 5245 Pons,
853 5184 950 5232 erchtos
969 5184 999 5245 L,
1020 5184 1119 5232 arathae
1139 5184 1163 5232 N
1282 5197 1380 5232 oeceses
1399 5183 1445 5232 PN
1584 5182 1616 5231 76
1635 5179 1695 5250 libs]
1713 5183 1767 5242 lybs
1784 5182 1855 5232 codd.

268 5268 358 5316 ciratus
376 5263 421 5335 Li]
439 5263 583 5326 cirtinth
603 5269 697 5316 cercius
711 5267 765 5328 ΡΝ,
785 5268 986 5331 certiusBiLls,
1007 5270 1114 5317 centiens
1128 5267 1155 5316 Ν
1258 5268 1290 5317 77
1309 5270 1399 5332 phison
1419 5265 1482 5335 ΡΝ]
1499 5270 1561 5316 ison
1579 5270 1633 5316 rati.
1739 5270 1818 5329 tygris
1837 5268 1862 5316 Ρ

268 5355 424 5416 euiratisqne
442 5353 598 5403 redundante
618 5353 642 5402 N
796 5352 828 5403 78
846 5355 942 5404 rhenus
961 5351 993 5421 P]
1011 5369 1087 5404 renus
1104 5357 1159 5404 rati.
1317 5355 1435 5404 rhodanis
1454 5354 1485 5416 N,
1512 5353 1638 5403 hrodauns
1656 5353 1688 5417 L,
1714 5354 1861 5404 rodanus&

267 5441 339 5489 tibris
358 5436 392 5507 L]
417 5440 496 5501 tybrh
513 5440 566 5489 reti.
707 5442 780 5489 lister
797 5447 895 5490 orantes
915 5441 946 5503 N,
973 5442 1131 5502 hystororrtas
1149 5441 1177 5503 S,
1203 5443 1336 5490 istorontes
1354 5438 1383 5487 Μ
1518 5437 1551 5488 80
1575 5453 1682 5500 gamana
1703 5442 1775 5501 (aaa.
1794 5442 1814 5502 i)
1837 5441 1859 5487 P

268 5532 405 5576 toreumata
424 5523 456 5592 L]
475 5531 621 5576 toremmata
638 5524 676 5589 Si,
699 5527 855 5576 thoreumsta
872 5529 927 5577 reti.
1043 5526 1072 5577 sl
1094 5526 1152 5587 sori.
1173 5532 1227 5589 post
1245 5543 1269 5576 n.
1292 5530 1325 5576 78
1340 5525 1475 5588 ponendas
1584 5527 1664 5588 ciproa
1682 5528 1724 5576 Ls
1826 5528 1891 5576 coio-

267 5614 326 5661 iona
345 5608 520 5679 11²]colaioua
539 5612 569 5674 N,
590 5611 1058 5675 coloianaBL1NS,coionaP]sap.
1079 5626 1111 5662 on
1129 5616 1191 5662 t'm.
1210 5615 1329 5675 possiti)
1437 5613 1545 5674 seraptis
1562 5615 1597 5660 sia
1614 5611 1686 5663 codd.
1711 5612 1886 5679 temptam)

267 5699 300 5748 83
319 5699 477 5748 dicernendis
496 5699 520 5745 N
621 5696 776 5766 crystallina]
794 5699 949 5749 christeliirra
968 5699 997 5760 P,
1017 5700 1119 5748 eristalli
1140 5698 1182 5759 N¹,
1203 5700 1339 5749 adsmilirre
1356 5700 1410 5749 reli.
