4374 6186
1091 433 1318 491 PROOEMlVll.

1175 836 1242 912 IV.

480 1024 638 1103 Quoniam
662 1025 703 1089 de
725 1022 932 1088 recensendis
957 1024 1121 1087 Fortunati
1142 1025 1300 1108 poematis
1322 1024 1402 1089 satis
1425 1024 1620 1108 disputatum
1644 1033 1703 1106 est,
1728 1031 1829 1091 restat
1851 1033 1886 1092 ut
1906 1027 2019 1111 paucis

396 1145 596 1229 explicemus
617 1145 745 1227 qualem
770 1144 801 1207 iu
824 1143 1010 1226 digerendis
1032 1143 1205 1227 opusculis,
1231 1145 1264 1208 iu
1286 1144 1456 1210 enatandis
1478 1144 1622 1209 codicum
1645 1144 1819 1228 seripturis,
1845 1145 1880 1209 iu
1901 1145 2021 1212 eonsti-

396 1266 523 1331 tuendis
553 1264 693 1346 denique
725 1263 892 1328 verborum
922 1262 1032 1327 formis
1059 1263 1213 1328 rationem
1244 1264 1345 1329 secuti
1374 1265 1485 1328 siruus.
1540 1271 1635 1346 atque
1663 1264 1766 1350 primo
1795 1264 1923 1346 quidem
1950 1266 2020 1330 loeo

395 1385 581 1451 eonloeandi
612 1392 703 1449 erant
731 1383 879 1449 undecim
910 1383 1085 1448 carminum
1109 1383 1182 1449 libri
1204 1383 1322 1466 quihus
1344 1385 1483 1450 insertae
1506 1391 1580 1450 sunt
1601 1383 1743 1469 pedestri
1766 1404 1911 1450 sermone
1934 1406 2021 1451 eom-

397 1506 520 1590 positae
550 1504 708 1590 epistulae
738 1511 834 1588 atque
864 1504 1016 1568 errationis
1044 1503 1224 1569 dominicae
1253 1505 1453 1588 symbolique
1475 1505 1702 1590 cuprositiones.
1749 1506 1824 1571 huie
1846 1505 2020 1571 canninum

396 1627 517 1710 aequori
540 1626 625 1707 quod
648 1645 711 1689 nou
733 1625 871 1690 solidum
896 1630 931 1689 nt
959 1644 1000 1688 ex
1029 1624 1131 1708 ipsirrs
1160 1630 1276 1708 poetae
1307 1645 1403 1690 uranu
1433 1625 1611 1708 prodierat,
1644 1626 1701 1691 sed
1727 1626 1872 1691 mutilum
1895 1632 2022 1693 uteret

394 1747 437 1810 ab
458 1746 624 1829 archetypi
647 1745 791 1810 codicum
815 1752 941 1829 praeter
964 1749 992 1808 Σ
1012 1751 1141 1810 auctore
1164 1744 1220 1809 illo
1243 1744 1285 1809 ad
1308 1752 1450 1828 posteros
1472 1746 1623 1812 traditum
1646 1765 1718 1812 esse
1740 1745 1924 1829 docuimus,
1950 1747 2022 1812 edi-

396 1876 482 1931 tores
510 1866 564 1948 qui
587 1866 724 1932 antehae
748 1865 876 1930 sureruut
897 1866 1039 1929 eamrina
1061 1866 1215 1929 nonnulla
1237 1866 1408 1931 Fortunato
1430 1886 1493 1930 non
1517 1866 1584 1931 iure
1606 1866 1769 1950 adscripta
1791 1867 1834 1932 ad
1856 1867 2020 1933 arbitrium

397 1988 618 2051 inl'uleiehaut.
664 2006 748 2069 quaere
778 2006 836 2051 nes
863 1986 995 2050 exrrlare
1017 1985 1107 2050 iussa
1128 1985 1204 2049 huie
1225 1986 1380 2051 uolumini
1401 1987 1591 2071 appendicis
1614 1988 1682 2052 loeo
1705 1987 1911 2053 subiecimus.
1957 1988 2021 2053 iam

396 2129 467 2173 curn
498 2107 707 2192 capitulorum
736 2106 841 2171 indice
870 2107 904 2171 in
933 2105 1097 2171 codicibus
1122 2105 1353 2191 praefationem
1375 2108 1541 2172 Fortunati
1569 2107 1751 2191 excipiente
1780 2109 1852 2192 ipsa
1881 2108 2022 2192 capitula

397 2229 492 2312 plane
522 2228 708 2309 concinunt,
743 2227 789 2292 ita
816 2226 946 2310 quidem
978 2232 1012 2290 ut
1040 2226 1177 2291 subinde
1205 2226 1281 2292 bina
1309 2227 1451 2292 earmina
1480 2248 1635 2314 personae
1665 2228 1770 2294 eidem
1800 2228 1947 2294 eidemve
1977 2229 2022 2294 rei

396 2347 558 2413 destinata
584 2348 645 2413 suh
676 2369 739 2413 uuo
768 2349 918 2413 lemmate
947 2346 1267 2431 comprehendantur.
1314 2347 1406 2413 rides
1434 2347 1576 2413 Broweri
1605 2355 1662 2414 aut
1690 2349 1801 2414 Luehii
1831 2348 1973 2416 ordinem
2002 2370 2024 2413 a

397 2467 548 2533 librorum
571 2469 724 2532 memoria
746 2468 950 2534 recedentem
974 2467 1095 2531 servari
1118 2466 1271 2532 intrrctum
1295 2488 1358 2532 non
1380 2468 1535 2553 potuisse.

483 2590 559 2653 Post
581 2587 729 2654 undecim
753 2588 852 2654 libros
874 2586 1034 2653 conlocari
1057 2587 1198 2671 oportuit
1220 2588 1361 2653 earmina
1383 2587 1417 2652 in
1437 2593 1466 2651 Σ
1487 2595 1624 2671 serrata,
1653 2596 1791 2673 atquae
1813 2589 1888 2655 olirn
1912 2610 2025 2675 conro-

397 2708 442 2774 ris
465 2717 589 2794 panem
613 2708 713 2774 luisse
736 2714 856 2773 certum
880 2708 931 2772 sit.
979 2707 1095 2788 quibus
1125 2706 1209 2789 quod
1239 2707 1316 2773 addi
1339 2715 1449 2793 posset
1473 2730 1569 2773 unum
1592 2716 1662 2775 erat
1682 2709 1724 2775 de
1746 2709 1931 2793 Magnerieo
1954 2709 2024 2795 epi-

399 2848 495 2913 seopo
518 2849 649 2895 carmen
672 2849 713 2893 ex
735 2828 802 2893 rita
824 2827 896 2892 eius
918 2848 939 2891 a
954 2827 1103 2893 Browero
1126 2827 1257 2893 editum.
1299 2835 1449 2893 secuntur
1470 2836 1618 2912 quattuor
1640 2829 1713 2894 libri
1735 2829 1776 2895 de
1797 2830 1865 2896 uita
1887 2829 1921 2896 S.
1940 2830 2025 2896 Mar-

395 2949 455 3013 tini
479 2969 623 3015 seorsum
646 2947 766 3013 traditi.

485 3069 535 3134 lle
551 3068 669 3153 spuriis
684 3069 781 3133 verbo
797 3067 988 3134 monendum
1004 3068 1141 3133 videtur.
1180 3075 1277 3151 atque
1292 3069 1404 3152 hymni
1426 3069 1554 3152 quidem
1584 3074 1708 3155 (4-10(
1735 3076 1855 3136 temere
1870 3070 2028 3137 Venantio

399 3188 551 3273 adscripti
568 3196 601 3254 et
614 3188 694 3272 ipsis
709 3188 860 3272 genuinis
884 3190 917 3271 (Ι,
942 3192 990 3252 ld.
1016 3188 1059 3271 ll,
1080 3193 1110 3253 2.
1131 3193 1159 3273 b)
1187 3189 1316 3255 refutati
1338 3189 1497 3255 uindicem
1520 3211 1583 3255 uon
1606 3191 1710 3274 magis
1733 3191 1918 3257 excitabunt
1931 3211 2027 3275 quam

401 3309 505 3375 erneis
536 3309 737 3393 signaculum
765 3312 805 3393 (2,,
839 3315 895 3374 aut
924 3312 958 3374 S.
984 3310 1142 3375 Martialis
1172 3310 1312 3394 elogium
1340 3312 1395 3393 (3).
1443 3331 1506 3375 non
1536 3311 1641 3394 magis
1670 3310 1710 3376 de
1740 3311 1863 3377 Mariae
1891 3311 2029 3395 virginis

400 3430 585 3496 laudatione
606 3429 792 3514 ambiguum
816 3449 888 3495 esse
911 3436 1016 3515 potest
1038 3429 1200 3495 iudicium.
1242 3430 1364 3495 seilicet
1384 3430 1445 3495 illa
1467 3431 1694 3496 sententiarum
1717 3438 1749 3497 et
1770 3432 1963 3498 locutionum
1986 3454 2028 3498 ex

402 3551 494 3615 libris
516 3549 616 3615 saeris
640 3559 862 3635 excerptorum
884 3522 1047 3617 incondita
1070 3549 1199 3634 farrago
1222 3555 1255 3615 ct
1275 3557 1390 3616 natura
1412 3570 1471 3616 sua
1494 3559 1526 3617 et
1547 3570 1692 3618 sermone
1714 3552 1810 3637 plane
1832 3552 1982 3619 abhorret
2007 3574 2029 3619 a

404 3671 553 3736 Venantii
576 3670 730 3737 facultate
753 3679 786 3736 et
808 3669 1050 3737 consuetudine.
1098 3669 1182 3752 quod
1206 3671 1363 3736 curiosius
1385 3691 1443 3756 per
1463 3680 1654 3755 argumenta
1676 3672 1838 3757 explicare
1860 3692 1899 3738 eo
1922 3674 2029 3739 minus

402 3792 618 3858 necessarium
649 3790 776 3858 videtur
805 3813 866 3875 quo
893 3791 1010 3857 certius
1033 3811 1235 3856 numerorum
1258 3812 1295 3857 ae
1318 3791 1487 3877 prosodiae
1511 3791 1707 3876 degenerata
1729 3793 1859 3858 licentia
1882 3792 2027 3860 fraudem

402 3913 564 3998 scriptoris
586 3913 751 3979 Fortunati
774 3933 890 3978 nomen
912 3912 1037 3977 mentiti
1060 3912 1227 3991 evincuut;
1262 3912 1352 3976 cuius
1381 3912 1428 3978 rei
1450 3912 1483 3977 in
1504 3912 1610 3978 indice
1633 3913 1764 3979 metrico
1785 3913 1906 3998 passim
1928 3913 2028 3982 doen-

402 4042 510 4099 menta
524 4035 669 4100 invenies
697 4034 746 4117 {et
767 4034 807 4101 de
823 4032 1013 4118 pentametri
1029 4040 1061 4098 et
1075 4031 1253 4098 hexametri
1269 4032 1357 4098 exitu
1373 4040 1491 4115 notata,
1514 4034 1676 4098 nominum
1692 4034 1880 4118 praesertim
1896 4035 2028 4118 quadri-

403 4154 601 4239 syllahorum
625 4175 807 4221 mensuram
835 4158 923 4218 initio
950 4156 1033 4236 (tlt)
1061 4156 1217 4237 spiculisne
1245 4156 1327 4235 (164)
1355 4156 1498 4217 accederes
1524 4155 1586 4238 (65(
1613 4157 1799 4218 aererdmcnh'
1823 4155 1906 4239 (all)
1933 4154 2025 4239 alia).

404 4274 579 4340 editoribus
601 4296 677 4341 vero
698 4276 846 4341 Brou'ero
868 4283 901 4341 et
922 4273 1062 4356 Luchio,
1096 4273 1251 4339 sermonis
1274 4273 1383 4356 reique
1406 4273 1557 4339 metricae
1580 4275 1767 4359 plerumque
1790 4274 1930 4359 securis,
1960 4275 2029 4342 veri

404 4396 578 4477 Fortunati,
606 4396 697 4462 cuius
719 4396 857 4462 lectione
881 4396 961 4462 satis
984 4396 1125 4462 imbutus
1148 4384 1230 4477 erat,
1253 4394 1416 4460 adfectata
1438 4393 1516 4460 loeis
1538 4394 1699 4459 nonnullis
1720 4393 1898 4462 imitatione
1920 4396 2028 4463 fucum

404 4515 480 4581 tecit
501 4523 701 4602 personatus.

490 4612 734 4723 Discrepautem
758 4639 902 4704 codicum
926 4636 1094 4702 lectionem
1118 4634 1245 4702 enotavi
1267 4635 1425 4718 integram
1447 4641 1574 4719 praeter
1596 4634 1746 4700 libronrm
1761 4656 1825 4701 uon
1840 4638 2031 4725 praecipuo-

407 4780 494 4839 mm,
528 4759 716 4844 praesertim
743 4764 818 4824 Fet
841 4763 883 4838 u,
917 4757 1114 4841 corruptelas
1136 4755 1294 4841 proprias.
1347 4759 1371 4819 V
1389 4761 1422 4820 et
1449 4760 1538 4836 Vera,
1563 4755 1626 4821 nisi
1649 4754 1727 4838 quid
1748 4762 1804 4821 aut
1825 4766 2030 4825 correxerunt

345 4935 348 4940 .
407 4888 464 4945 aut
486 4879 735 4946 memorabiliter
756 4878 976 4959 coniecerunt,
1011 4896 1167 4959 nusquam
1197 4875 1289 4940 attuli
1319 4875 1380 4939 nisi
1403 4874 1445 4940 ad
1469 4875 1708 4942 diiudicaudam
1731 4876 1875 4943 codicum
1898 4884 1926 4941 D
1948 4884 2030 4947 etG

409 5000 503 5066 fidem
532 5002 571 5083 (ν.
599 5008 654 5083 s).
701 4999 798 5064 ctiam
829 4997 1076 5083 orthographiae
1106 4994 1251 5061 eodiem
1274 4996 1402 5080 plenam
1426 4995 1501 5061 dedi
1524 4996 1684 5075 notitianr;
1718 4997 1811 5063 omisi
1833 5020 1849 5061 e
1871 5022 1925 5081 uc,
1958 5005 1983 5065 o·
2002 5005 2032 5066 ω’

406 5121 468 5186 nisi
498 5119 576 5204 quid
605 5120 667 5186 ista
696 5140 822 5204 quoque
851 5120 884 5184 iu
913 5118 1067 5184 varietate
1099 5116 1250 5182 momenti
1279 5116 1383 5182 inesse
1406 5115 1584 5193 videretur3
1618 5139 1681 5183 non
1703 5118 1796 5184 omisi
1819 5128 2030 5189 consonantes

406 5242 530 5307 litteras
551 5241 585 5305 in
608 5241 834 5327 compositione
857 5239 1063 5324 sequentibus
1086 5237 1288 5303 adsimilatis
1309 5244 1365 5301 aut
1386 5256 1449 5301 non
1474 5236 1689 5319 ausinianae,
1724 5240 1879 5323 neglectis
1908 5248 1943 5305 ut
1972 5262 2031 5326 peu

407 5369 476 5429 erat
498 5384 526 5425 m
550 5367 583 5428 et
604 5384 622 5424 n
647 5362 761 5428 litteris
783 5382 841 5448 per
863 5361 999 5427 lineolae
1022 5358 1183 5424 indicatis.
1226 5357 1306 5422 baec
1329 5342 1543 5422 adnotationis
1565 5358 1829 5442 orthographicas
1851 5360 1952 5426 moles
1974 5381 2032 5427 eo-

408 5505 477 5549 rum
507 5482 706 5569 potissimum
732 5482 766 5547 iu
789 5502 882 5549 usum
906 5479 1113 5566 proponenda
1134 5477 1305 5544 videbatur
1327 5497 1459 5560 quorum
1482 5477 1615 5543 interest
1636 5477 1796 5543 scribendi
1818 5479 1974 5546 rationem
1995 5481 2030 5547 in

407 5604 570 5672 veteribus
600 5603 691 5668 libris
714 5609 949 5690 comparentem
972 5619 1176 5684 cognoscere.
1223 5618 1338 5684 nempe
1361 5597 1463 5683 ipsius
1486 5597 1647 5683 scriptoris
1670 5598 1806 5664 eandem
1829 5599 1930 5667 fuisse
1952 5621 2031 5667 eon·

408 5726 610 5792 suetudinem
641 5745 680 5790 ne
710 5743 865 5791 consensu
896 5722 1026 5807 quidem
1049 5722 1201 5788 librorum
1225 5740 1286 5785 erno
1309 5718 1484 5803 exemplari
1507 5717 1708 5783 oriundorum
1732 5719 1878 5787 efficitur.
1925 5742 2030 5806 neque
