4374 6186
876 428 883 440 ’
973 419 1178 474 APPENDIX.

601 629 676 674 nam
699 608 777 674 mihi
801 606 987 674 Bertharius
1010 614 1117 693 pater,
1143 607 1192 673 illi
1214 607 1503 676 Hermeneiredus:

687 712 849 796 germanis
872 711 973 795 geniti
996 730 1056 776 nec
1077 731 1188 776 sumus
1210 712 1287 777 orbe
1309 711 1390 796 pari.

519 837 549 874 os
601 816 728 897 scitu,
754 834 828 880 care
850 833 967 899 nepos,
993 812 1156 898 placidum
1180 813 1259 878 milri
1281 813 1380 879 redde
1403 815 1614 899 propinquum

688 925 721 983 et
742 918 788 983 sis
809 937 918 983 amore
940 935 1031 982 meus
1053 916 1140 1000 quod
1163 915 1224 981 init
1246 917 1302 981 ille
1324 917 1429 1002 prius,

601 1040 715 1103 meque
737 1019 930 1086 monasterio
953 1020 1060 1087 missis
1083 1039 1160 1103 rogo
1183 1039 1280 1104 saepe
1304 1020 1448 1102 requiras

686 1144 725 1189 ac
748 1130 854 1190 vestro
875 1123 997 1189 auxilio
1021 1129 1083 1189 stet
1104 1123 1193 1188 locus
1215 1123 1277 1188 iste
1301 1122 1377 1203 deo,

601 1234 636 1292 ut
658 1247 729 1292 curn
751 1233 853 1292 matre
876 1226 933 1310 pia
954 1226 1045 1291 robis
1068 1227 1148 1292 haec
1171 1246 1248 1291 cura
1270 1225 1421 1311 perennis

516 1350 547 1390 ro
687 1329 790 1413 possit
810 1329 842 1394 in
865 1328 1021 1412 astrigero
1043 1330 1178 1395 reddere
1201 1329 1300 1413 digna
1321 1330 1445 1395 throno.

601 1453 685 1498 nunc
707 1432 854 1498 dominus
875 1431 995 1497 tribuat
1016 1432 1108 1497 vobis
1131 1432 1279 1498 felicibus
1301 1440 1336 1498 ut
1359 1433 1402 1498 sit

686 1555 840 1621 praesens
863 1534 955 1619 larga
977 1536 1084 1617 salus,
1109 1535 1168 1600 illa
1190 1535 1297 1602 futura
1319 1536 1430 1603 decus.

1057 1880 1102 1944 IV

837 2018 977 2094 Versus
1004 2018 1049 2092 ad
1076 2016 1323 2115 Sigimundum

531 2218 535 2227 ·
602 2189 810 2256 Christicolas
833 2189 957 2254 animas
980 2190 1059 2254 haec
1082 2189 1210 2255 conscia
1233 2209 1309 2255 cura
1331 2190 1464 2275 fatigat,

688 2300 722 2358 ut
744 2293 829 2358 circa
851 2299 982 2357 cunctos
1005 2298 1068 2357 stet
1090 2293 1159 2357 sine
1182 2292 1256 2358 labe
1279 2294 1378 2359 salus.

600 2403 651 2462 ast
672 2417 733 2480 ego
756 2416 832 2481 prae
854 2395 987 2479 reliquis
1010 2395 1127 2460 circum
1149 2402 1206 2461 tua
1228 2395 1350 2462 lumina
1372 2396 1517 2482 pendens

685 2498 741 2583 qui
763 2498 967 2583 renitetque
990 2497 1073 2564 redit
1094 2507 1240 2584 prompta
1262 2499 1387 2583 requiro
1410 2499 1579 2583 frequens:

535 2626 548 2664 s
600 2602 747 2667 sollicitis
769 2601 871 2667 oculis
894 2600 1062 2667 volitantia
1083 2602 1184 2667 flabra
1206 2621 1351 2685 recurro,

686 2705 814 2788 quando
837 2705 889 2770 vel
912 2704 997 2771 unde
1019 2705 1067 2771 tui
1089 2705 1214 2772 nuntiet
1235 2725 1314 2771 sura
1335 2706 1421 2771 boni.

600 2808 661 2873 hoc
688 2808 765 2889 {tibi}
792 2807 964 2892 praecipue
986 2828 1077 2888 mes,
1104 2806 1226 2889 duleis,
1253 2807 1393 2892 epistula
1415 2806 1537 2892 signet,

685 2911 771 2994 quod
794 2910 884 2975 dolor
905 2918 1002 2993 atque
1024 2916 1128 2976 metus
1151 2911 1288 2976 sitinus
1310 2911 1367 2977 ille
1389 2932 1498 2977 meus:

601 3023 633 3080 et
653 3014 731 3097 qnia
753 3033 811 3079 nos
834 3012 941 3078 animo
963 3013 1130 3097 cognoscis
1152 3032 1279 3080 currere
1302 3021 1424 3097 tecum,

519 3140 547 3179 ro
686 3117 740 3183 det
762 3117 803 3182 de
825 3123 857 3181 te
879 3116 1031 3182 incolumi
1053 3117 1173 3202 pagina
1195 3114 1296 3181 missa
1317 3116 1426 3183 iidem.

1067 3461 1095 3525 V

844 3601 901 3674 De
927 3597 1205 3675 Childeberctho
1232 3623 1319 3696 rege

604 3771 672 3836 Rex
695 3767 836 3852 regionis
859 3789 944 3854 apex
967 3775 1000 3835 et
1021 3788 1119 3854 supra
1140 3790 1242 3852 regns
1264 3771 1426 3854 regimen,

689 3873 745 3956 qui
766 3880 863 3958 caput
885 3891 920 3938 es
943 3873 1101 3957 capitum,
1128 3873 1177 3938 vir
1199 3874 1337 3957 capitale
1361 3875 1495 3953 bonum,

603 3983 858 4043 ornamentorum
882 3983 1031 4058 ornatus,
1056 3976 1199 4042 ornatius
1222 3997 1358 4058 ornans,

687 4080 743 4163 qui
766 4078 866 4146 decus
889 4086 985 4163 atque
1008 4078 1125 4145 decens
1148 4087 1263 4145 cuncta
1285 4080 1437 4146 decenter
1457 4081 1548 4164 agis.

537 4208 550 4245 r,
604 4183 726 4269 primus
749 4189 781 4249 et
802 4204 823 4248 a
845 4182 976 4268 primis,
1002 4182 1088 4267 prior
1109 4190 1142 4248 et
1164 4182 1355 4268 prirnoribus
1378 4182 1476 4269 ipsis,

688 4286 743 4370 qui
765 4293 858 4371 potes
880 4286 950 4371 ipse
972 4292 1104 4371 potens,
1130 4306 1225 4368 quem
1247 4287 1337 4352 iuvat
1359 4287 1575 4373 omnipotens,

603 4389 711 4455 dulcia
733 4389 916 4471 delectans,
943 4388 1049 4454 dulcis
1071 4389 1190 4455 dilecta
1212 4397 1371 4474 potestas,

689 4512 764 4577 spes
786 4492 870 4557 bona
891 4492 944 4557 vel
967 4491 1112 4572 bonitas,
1138 4491 1178 4557 de
1200 4491 1342 4559 bonitate
1364 4494 1483 4564 bonus.

603 4596 701 4679 digne
722 4615 782 4660 nec
803 4594 995 4679 indignans,
1021 4594 1136 4678 dignos
1158 4594 1303 4678 dignatio
1325 4594 1481 4679 dignans,

522 4721 550 4762 ro
689 4697 800 4764 florum
824 4697 882 4764 flos
904 4697 1039 4781 florens,
1065 4697 1164 4764 florea
1185 4697 1264 4765 flore
1286 4697 1405 4780 fluens,

339 5034 372 5084 3³
391 5027 606 5098 hermeneiredne]
624 5029 816 5079 hermenfredus
835 5028 867 5091 Σ,
887 5030 1076 5080 ermenefredus
1095 5031 1138 5080 Br.
1239 5031 1273 5080 ³4
1291 5030 1400 5094 petrlZ
1486 5030 1519 5080 35
1537 5044 1618 5095 nepus
1637 5031 1669 5081 ΣΙ
1758 5032 1790 5082 36
1809 5046 1892 5082 meum

271 5121 296 5169 Σ
398 5118 427 5168 41
450 5111 1028 5182 dominustnbmt2]dnmd1etrrnuat13r.
1134 5116 1227 5166 mirer.
1247 5118 1316 5167 snei
1333 5117 1387 5165 vni
1405 5116 1430 5166 Σ

338 5207 374 5255 IV
390 5204 428 5266 es.
445 5205 561 5266 V11,90.
576 5205 605 5252 21
713 5200 738 5249 Σ
755 5200 777 5262 s.
798 5198 844 5249 ⁴6⁰
949 5215 1094 5251 srorurrrno
1113 5201 1148 5250 ΣΙ
1251 5204 1387 5266 iprumte
1405 5203 1430 5251 Σ
1534 5204 1615 5253 itini
1633 5217 1681 5254 om.
1697 5203 1731 5252 ΣΙ
1836 5208 1892 5268 epi-

269 5295 335 5343 stole
354 5291 379 5340 Σ
482 5290 646 5350 iicoguneele
664 5287 699 5336 Σ1
805 5287 837 5336 10
854 5289 969 5337 incolomi
989 5287 1024 5336 Σι
1127 5289 1219 5339 urbm.
1239 5303 1361 5339 rxrnrcrr

338 5376 362 5425 V
467 5375 491 5424 Σ
508 5373 531 5435 s.
552 5372 598 5423 ιδ’
615 5373 659 5422 loe
676 5376 765 5423 titulo:
791 5387 825 5420 nn
843 5386 905 5422 cnrr.
923 5387 958 5422 ns
976 5387 1060 5422 oraro
1078 5387 1147 5423 ason
1176 5375 1182 5385 '
1251 5375 1328 5424 edidit
1348 5375 1392 5439 (M)
1416 5375 1577 5426 Motliloniue
1598 5377 1720 5437 (Amne.
1738 5378 1833 5438 oter
1851 5378 1889 5427 ed.

269 5480 294 5516 u.
310 5463 384 5525 1⁷23)
407 5464 451 5511 ‘ee
468 5460 728 5511 codiee‘l'irdaneneie
745 5461 852 5509 coenobii
870 5464 949 5508 enneli
968 5460 1058 5523 Vltori,
1077 5461 1107 5509 ol
1125 5465 1200 5511 eunte
1218 5463 1270 5522 sere
1281 5465 1334 5512 8⁰0
1348 5464 1470 5524 (maim
1482 5461 1559 5512 edidit
1570 5477 1596 5513 a.
1613 5465 1686 5521 167oe
1701 5477 1780 5512 monor
1792 5467 1889 5525 netem,

268 5552 296 5599 in
313 5563 361 5612 quo
381 5548 509 5611 Tleodclli
526 5551 637 5596 conulem
654 5546 823 5597 oomtmmor'
841 5546 884 5595 loe
901 5547 990 5595 titolo:
1016 5547 1136 5596 Venentli
1154 5547 1284 5597 Fortunati
1303 5562 1394 5597 uerene
1411 5549 1442 5597 ad
1461 5547 1650 5598 childebertum
1669 5562 1751 5610 regem
1771 5548 1892 5610 sigiberti

267 5649 289 5686 r.
304 5636 392 5684 iillum.
408 5634 464 5683 iine
475 5635 583 5682 laelius
598 5634 657 5695 ll‚9
747 5632 756 5683 i
779 5629 912 5699 supreld]
929 5632 1042 5695 onperE
1128 5630 1292 5700 iderenter]
1308 5633 1465 5683 decentes
1557 5634 1892 5686 ldllectenriiormusenao

269 5716 402 5785 seignur]
418 5720 511 5779 dignus
530 5719 584 5768 ΣΜ
688 5720 719 5769 lu
738 5721 824 5768 florum
845 5716 888 5784 li]
907 5722 988 5767 norem
1009 5718 1033 5765 Σ
