4374 6186
270 388 310 446 74
575 383 770 440 OPVSCVLA
789 383 985 440 versario
1003 384 1235 442 FORTVNATO
1253 385 1356 442 MALE
1374 386 1597 444 ATTRIBVTA

271 579 518 657 praepararetur
541 573 725 658 episcopus,
760 594 818 658 per
840 573 983 640 fidelium
1008 575 1103 640 corda
1125 595 1252 641 vomere
1277 576 1467 661 disciplinae
1491 586 1623 644 exarata
1646 585 1782 644 saturus
1807 577 1925 644 divini

270 677 359 742 verbi
382 677 516 742 semina.

218 780 249 844 ll
364 783 403 863 (o)
429 780 498 845 Nec
528 780 626 845 multo
655 787 728 864 post
757 780 960 863 aliquatenus
987 781 1143 847 scientiae
1166 782 1390 866 praerogativa
1411 783 1591 850 illustratus
1612 783 1646 848 in
1670 784 1816 866 quodam
1844 804 1924 849 mo-

270 884 409 950 nasterio
432 884 485 967 pie
509 891 693 967 susceptae.
730 903 820 948 coma
843 885 957 968 capitis
981 884 1131 950 detonsus
1155 885 1292 951 eiiieitur
1314 887 1504 967 monachus,
1538 887 1588 952 cui
1612 886 1827 952 obedientiae
1853 887 1923 952 hu·

269 986 406 1051 militate
430 986 598 1051 cellarium
621 986 777 1052 creditum
802 994 834 1051 et
857 987 1135 1071 temperandamm
1161 1008 1273 1053 cursus
1296 989 1443 1054 horarum
1468 998 1499 1055 et
1520 990 1704 1073 vigiliarum
1728 989 1922 1074 diligentia
1943 1008 1961 1047 ⁵

270 1090 486 1156 committitur.
535 1090 606 1167 Qua
636 1091 844 1173 occupatione
868 1090 1032 1171 detentus,
1067 1111 1124 1174 per
1147 1091 1233 1156 diem
1257 1112 1292 1157 se
1316 1092 1444 1158 lectioni
1468 1113 1584 1158 vacare
1606 1113 1669 1159 non
1692 1113 1793 1177 posse
1819 1114 1920 1159 eom-

270 1194 411 1279 periens‚
446 1192 683 1258 declinantibus
706 1192 748 1257 ad
772 1192 993 1259 dormiendum
1017 1193 1183 1258 monacbis
1206 1195 1415 1278 pernoctabat
1436 1195 1574 1276 intente,
1609 1202 1644 1260 ut
1666 1195 1810 1263 disceret
1835 1217 1920 1262 nor·

268 1318 351 1362 ruam
372 1297 523 1363 iustitiae.
578 1297 617 1378 (7]
645 1295 706 1373 Qui
730 1317 801 1362 cum
825 1296 1048 1362 assiduitatem
1073 1297 1218 1362 lectionis
1241 1297 1392 1362 iratribus
1414 1298 1556 1363 novisset
1578 1318 1758 1380 onerosam,
1787 1301 1919 1366 nolens

267 1420 375 1465 eorum
406 1420 547 1465 murmur
576 1399 658 1465 verti
688 1399 721 1463 in
749 1400 919 1464 tumultum
950 1399 1111 1465 fenestrae
1142 1420 1223 1481 quae
1253 1401 1354 1466 oculis
1383 1400 1515 1466 fratrum
1548 1402 1659 1485 patula
1689 1411 1760 1468 erat
1793 1405 1917 1469 velum

269 1504 428 1588 opposuit,
456 1511 489 1568 ut
512 1503 622 1568 lumen
645 1503 693 1568 eis
716 1502 865 1568 redderet
888 1503 1096 1568 suboscuram
1120 1504 1244 1587 etipse
1268 1504 1413 1569 lectionis
1437 1511 1566 1588 caperet
1587 1505 1838 1571 incrementum.
1943 1523 1977 1563 ro

198 1606 245 1669 Ill
359 1609 400 1689 ,ii
428 1604 566 1684 Quidam
593 1613 699 1671 autem
729 1605 883 1671 diaconus
913 1606 1047 1671 illustris
1070 1605 1196 1671 nomine
1219 1607 1360 1672 Nileifus
1383 1627 1580 1689 cognoscens
1603 1628 1676 1672 eum
1698 1608 1787 1674 velle
1812 1610 1919 1675 adire

268 1710 397 1775 beatum
420 1709 567 1788 Avitum,
601 1709 655 1791 qui
684 1716 758 1774 tunc
788 1708 941 1792 temporis
971 1709 1128 1774 heremita
1158 1709 1342 1775 morabatur
1371 1711 1404 1775 in
1426 1711 1550 1777 Pertioo
1581 1718 1613 1776 et
1642 1719 1710 1776 erat
1732 1711 1845 1777 abbas
1871 1711 1917 1778 de

268 1812 452 1878 lliciacensi
475 1812 544 1877 loco
567 1813 620 1894 qui
644 1819 694 1877 est
717 1812 797 1876 situs
820 1812 903 1877 inter
925 1812 1066 1895 Ligerim
1090 1820 1122 1877 et
1145 1811 1334 1895 Ligericum,
1363 1813 1449 1878 dulci
1472 1813 1573 1879 affatu
1595 1813 1701 1897 ipsum
1723 1814 1917 1896 alloquitur

269 1916 397 1981 dicens:
429 1916 596 1998 Agnosco,
629 1914 741 1994 irater,
777 1913 816 1979 de
849 1914 990 1979 minimis
1013 1915 1055 1979 ad
1078 1915 1199 1979 maiora
1220 1923 1252 1981 te
1275 1916 1359 1980 velle
1384 1916 1616 1997 conscendere,
1651 1915 1709 1981 sed
1732 1936 1822 1998 quae
1849 1918 1917 1983 tibi

267 2019 300 2083 in
329 2019 476 2102 incoepto
507 2024 639 2082 sanctae
668 2017 877 2083 institutionis
904 2018 1069 2102 proposito
1093 2017 1261 2103 proficiant
1283 2019 1384 2083 tribus
1407 2020 1502 2084 rebus
1524 2026 1556 2085 te
1578 2019 1734 2085 instruere
1759 2022 1912 2086 curabo:
1942 2039 1977 2078 ¹⁵

269 2121 303 2186 id
325 2128 376 2187 est
398 2121 478 2186 nulli
503 2121 722 2205 episcoporum
746 2127 777 2185 te
800 2121 962 2204 obsequiis
986 2121 1127 2204 obliges,
1159 2122 1235 2204 quia
1257 2123 1339 2187 inter
1362 2123 1464 2187 malos
1486 2122 1589 2188 bonus
1612 2123 1728 2187 multos
1750 2122 1916 2191 invenies

268 2224 472 2290 detractores.
526 2227 565 2307 (9]
593 2223 691 2288 Aliud
721 2244 850 2304 moneo,
885 2245 926 2290 ne
957 2245 1228 2308 quorumcumque
1252 2226 1414 2290 hominum
1437 2225 1604 2291 basilicam
1627 2245 1738 2308 regere
1763 2235 1824 2291 aut
1849 2248 1917 2311 pe-

268 2329 341 2392 titor
368 2327 493 2393 ambias
523 2335 580 2393 aut
608 2327 770 2412 expetitus
801 2326 1008 2409 adquiescas,
1045 2349 1085 2393 ne
1107 2328 1190 2393 inter
1213 2328 1358 2393 diversos
1381 2348 1486 2393 mores
1508 2335 1565 2393 aut
1586 2328 1722 2411 rigorem
1746 2330 1915 2395 monachi

267 2429 394 2514 perdas.
421 2439 476 2495 aut
498 2431 526 2495 si
548 2429 776 2495 blandimentis
799 2451 861 2495 non
886 2431 1076 2511 consentias,
1105 2431 1311 2496 detrahentes
1334 2440 1441 2497 tamen
1457 2431 1512 2495 vix
1528 2432 1674 2496 sufferas.
1727 2433 1790 2513 (10)
1821 2432 1916 2499 Ter·-

266 2533 344 2598 iium
368 2553 578 2617 praemoneo,
614 2555 653 2598 ne
677 2554 796 2617 parvae
819 2540 850 2598 te
875 2534 977 2598 socies
1000 2534 1156 2616 cellulae,
1192 2534 1268 2616 quia
1290 2534 1365 2599 dum
1389 2535 1510 2617 singuli
1533 2554 1730 2618 praeponere
1754 2535 1819 2600 sibi
1849 2557 1916 2602 ou·
1939 2553 1976 2596 ro

266 2637 366 2720 piuni,
394 2637 474 2701 nulli
498 2635 682 2702 obedientia
704 2636 912 2701 ministratur.

202 2738 246 2802 lV
365 2742 421 2820 jii',
449 2740 525 2804 Post
555 2745 625 2804 octo
654 2739 762 2819 itaque
792 2759 893 2804 annos
922 2740 954 2804 in
984 2739 1043 2803 illa
1072 2740 1157 2805 cella
1180 2739 1355 2805 monastice
1378 2746 1584 2805 conversatus
1607 2738 1789 2804 beatissimi
1811 2741 1912 2807 Aviti

267 2843 481 2928 praesentiam
505 2862 540 2906 se
563 2841 678 2906 obtulit
700 2842 924 2925 expetendam,
952 2842 1102 2923 quicum
1126 2842 1167 2906 ab
1192 2862 1229 2907 eo
1252 2861 1440 2927 responsum
1464 2843 1652 2926 accepisset,
1680 2849 1715 2907 ut
1736 2851 1810 2926 post
1828 2863 1913 2910 eru-

269 2946 420 3010 ditionem
449 2966 545 3027 quam
576 2944 609 3009 in
636 2943 884 3027 congregatione
906 2944 1131 3010 monachorum
1155 2954 1364 3029 percepturus
1387 2953 1456 3011 erat
1477 2945 1520 3009 ad
1542 2945 1647 3030 ipsum
1670 2952 1908 3030 reverteretur,

266 3048 342 3113 inde
370 3048 526 3114 recedens
555 3067 626 3111 cum
657 3046 796 3127 quodam
826 3045 960 3112 diacono
990 3049 1044 3129 qui
1076 3047 1108 3112 in
1135 3048 1327 3113 monasterio
1350 3047 1538 3130 aliquandiu
1562 3055 1769 3113 conversatus
1794 3049 1912 3118 iuerat
1934 3070 1972 3112 re>

267 3151 393 3233 Ligeris
416 3150 522 3215 littora
544 3150 648 3233 eoepit
671 3169 852 3232 peragrare,
881 3151 1133 3233 perveniensque
1157 3151 1199 3216 ad
1222 3151 1419 3236 praedictum
1436 3151 1629 3217 lliciacense
1652 3153 1905 3237 monasterium,

268 3253 459 3336 regulariter
483 3260 670 3336 susceptus,
704 3252 824 3318 ibidem
849 3254 944 3336 longo
967 3262 1109 3338 tempore
1133 3262 1341 3320 conversatus
1365 3262 1468 3319 estet
1491 3254 1582 3320 sein
1606 3275 1643 3319 eo
1667 3255 1735 3319 loco
1757 3255 1907 3339 alligare

267 3356 383 3436 noluit,
420 3356 478 3421 sed
501 3357 612 3421 volens
636 3356 778 3420 Lirinum
802 3358 987 3440 pervenire,
1014 3356 1174 3440 quendam
1198 3357 1327 3422 fratrem
1351 3358 1549 3423 Lirinensem
1572 3358 1714 3442 repperit
1735 3357 1906 3425 dicentem

268 3480 302 3525 se
332 3479 393 3524 non
424 3478 519 3544 posse
548 3458 617 3524 illic
647 3459 815 3543 temperiei
846 3460 1137 3527 incommoditatem
1168 3460 1222 3524 rix
1252 3460 1347 3526 ferre.
1395 3460 1464 3538 Quo
1495 3461 1579 3526 dicto
1609 3462 1649 3526 ab
1672 3461 1787 3526 itinere
1810 3466 1906 3544 quod

268 3571 418 3647 coeperat
440 3569 617 3628 revocatur.
671 3566 730 3645 (12)
758 3563 884 3629 Deinde
908 3562 1126 3629 Gavalensem
1151 3572 1306 3647 expetens
1329 3565 1457 3646 urbem,
1490 3584 1560 3629 cum
1583 3585 1603 3628 a
1625 3563 1813 3629 beatissimo
1839 3565 1906 3631 Hi·
1929 3585 1967 3627 ao

268 3666 347 3730 lario
377 3665 520 3731 eiusdem
554 3666 642 3730 urbis
672 3666 812 3732 antistite
842 3666 1085 3732 sacerdotaliter·
1113 3667 1229 3732 suisset
1258 3674 1425 3750 susceptus
1453 3674 1485 3731 et
1507 3666 1740 3751 aliquantisper
1762 3686 1836 3731 curn
1863 3689 1905 3735 eo

267 3776 495 3850 commoratus,
530 3769 636 3852 coepit
665 3769 817 3851 conqueri
847 3770 1031 3853 praedictus
1061 3769 1160 3835 frater
1189 3791 1252 3834 non
1281 3776 1390 3853 aptum
1423 3770 1483 3834 sibi
1514 3770 1618 3834 locum
1641 3790 1712 3835 esse
1736 3768 1779 3834 ad
1801 3769 1905 3837 habi-

267 3873 409 3938 tandum.
463 3875 522 3955 (13]
552 3871 643 3936 Vnde
673 3891 744 3936 cum
775 3872 857 3936 inter
879 3891 914 3937 se
938 3872 1068 3937 eosdem
1091 3872 1207 3937 fratres
1230 3874 1423 3948 altercantes
1446 3873 1560 3937 beatus
1582 3873 1724 3938 Hilarius
1747 3872 1904 3940 animad-

267 3976 430 4056 vertisset,
459 3975 564 4058 coepit
585 3974 704 4039 hortari
726 3974 818 4038 illum
841 3994 960 4057 vagum
984 3974 1124 4055 fratrem,
1152 3995 1192 4040 ne
1216 3996 1236 4039 a
1259 3975 1408 4041 comitatu
1432 3975 1519 4040 beati
1543 3975 1676 4040 Leobini
1700 3974 1900 4061 discederet,

266 4099 306 4143 ne
337 4078 417 4143 forte
448 4076 649 4142 obedientiae
676 4077 810 4159 gratiam
834 4076 1013 4142 recedendo
1035 4077 1200 4162 perderet,
1237 4099 1332 4159 quam
1356 4078 1510 4143 hactenus
1532 4078 1623 4142 illum
1647 4078 1812 4160 sequendo
1837 4081 1903 4145 ad·
1927 4100 1966 4142 :rs

267 4189 360 4265 optus
389 4180 515 4245 fuisset.
569 4181 629 4260 (lli
656 4179 736 4245 Inde
764 4201 839 4245 rero
871 4180 1058 4245 recedentes
1081 4181 1314 4262 audientesque
1336 4181 1422 4246 beati
1446 4181 1528 4264 Lupi
1552 4180 1670 4246 famam
1693 4180 1789 4264 longe
1813 4182 1904 4248 late-

266 4304 329 4365 que
359 4283 576 4360 crebrescere,
611 4280 653 4344 ad
683 4302 754 4346 eum
778 4304 813 4347 se
836 4283 999 4348 humiliter
1022 4284 1233 4349 contulerunt.
1282 4284 1425 4367 Cumque
1449 4283 1574 4349 modico
1596 4292 1737 4368 tempore
1760 4304 1832 4348 cum
1860 4307 1904 4352 eo

268 4388 377 4450 morati
412 4385 562 4464 fuissent,
602 4384 743 4449 hortatur
776 4386 959 4469 praedictus
993 4386 1091 4452 frater
1124 4394 1234 4471 utpote
1268 4388 1430 4452 instabilis
1464 4394 1496 4452 et
1530 4407 1633 4470 vagus
1662 4385 1735 4450 inde
1763 4386 1903 4454 beatum

355 4697 385 4748 13
408 4699 498 4745 i'duriu
519 4696 677 4745 Cliodoreclu'
699 4697 739 4746 nii.
766 4703 793 4746 (ι’,
816 4698 876 4746 DI).
898 4701 920 4758 1,
941 4715 966 4760 p.
983 4703 1022 4748 3:
1048 4701 1180 4748 lliciacum
1206 4699 1365 4748 concedimus
1391 4708 1417 4748 et
1441 4699 1560 4760 quicquid
1586 4706 1623 4747 est
1647 4699 1699 4747 iisei
1726 4701 1804 4746 nostri
1829 4700 1906 4750 intra

267 4787 400 4832 iiunrinum
419 4785 500 4832 alveos
518 4809 552 4818 —
571 4785 625 4831 sive
644 4784 709 4830 inira
728 4786 781 4831 sire
800 4791 870 4832 extra
890 4786 997 4845 Ligerim
1017 4794 1043 4833 et
1063 4788 1216 4845 Ligerionm.

355 5077 363 5125 l
387 5085 546 5140 praeparetur
566 5077 596 5135 (ii
725 5078 739 5125 3
760 5079 863 5126 scientia
883 5077 906 5123 P
1032 5077 1045 5123 7
1066 5077 1177 5125 nrouclris
1195 5079 1344 5141 pernotabat
1364 5078 1384 5135 i)
1507 5076 1522 5126 S
1542 5078 1600 5125 dum
1624 5078 1644 5134 Q
1767 5077 1857 5125 uolens
1881 5080 1905 5137 Q

268 5166 298 5213 lii
317 5172 427 5227 carperet
446 5166 603 5213 intellectum
624 5165 646 5211 P
769 5164 795 5212 ll
817 5159 932 5229 nileffus]
951 5164 1077 5212 carileiins
1095 5167 1158 5213 coni.
1175 5164 1255 5211 Lubbe
1372 5160 1449 5230 uelle]
1468 5179 1515 5212 om.
1535 5162 1555 5221 0
1679 5162 1709 5210 12
1728 5156 1840 5228 auitum]
1860 5165 1901 5224 cs.

269 5255 339 5311 irrep.
363 5251 423 5300 Tur.
448 5252 488 5300 Gi.
511 5252 583 5310 Cous.
606 5268 626 5299 c.
649 5254 681 5299 91·
794 5250 824 5299 13
844 5252 908 5299 situs
927 5257 965 5297 est
985 5249 1005 5307 Q
1109 5250 1234 5309 ligeritum
1255 5248 1276 5307 O
1380 5251 1448 5298 dulci
1466 5278 1500 5286 —
1522 5249 1552 5298 ll
1570 5247 1669 5315 dicens]
1688 5264 1734 5298 om.
1752 5249 1781 5309 Q,
1804 5251 1839 5297 alt
1859 5252 1904 5301 ilii

265 5352 383 5398 superior.
401 5334 438 5396 0‘2
556 5338 586 5387 lii
606 5334 693 5402 malos]
712 5336 739 5399 P,
762 5339 838 5385 bonos
861 5334 899 5397 (Q,
1018 5335 1048 5384 11
1069 5349 1155 5384 moneo
1175 5332 1219 5402 ne]
1239 5337 1267 5398 P,
1289 5349 1320 5384 ue
1340 5336 1380 5398 Ol,
1403 5350 1489 5384 moneo
1508 5351 1569 5386 corr.
1590 5335 1621 5394 (ll
1727 5335 1903 5386 19111111ᾱί1-

265 5425 356 5471 ureutis
378 5422 409 5481 (ll
515 5426 619 5472 suiieros
640 5424 670 5482 0¹
786 5422 818 5471 20
836 5419 1000 5488 praeponere]
1019 5420 1104 5479 ormo
1217 5422 1249 5471 25
1269 5423 1409 5484 aliquandio
1431 5423 1453 5469 P
1565 5421 1597 5471 26
1616 5424 1819 5484 prsucuieusque
1840 5421 1863 5479 Q

264 5512 406 5572 praelatum
429 5509 449 5567 (l
565 5509 597 5557 27
616 5511 688 5570 longo
707 5515 817 5569 tempore
835 5508 929 5556 ibidem
951 5507 971 5565 (l
1085 5508 1170 5557 eodem
1192 5507 1212 5565 Q
1328 5508 1361 5559 29
1380 5506 1437 5574 uir]
1456 5509 1541 5558 oru.P
1654 5508 1686 5557 30
1705 5508 1797 5567 lrylsrio
1816 5508 1848 5569 P,
1872 5517 1904 5559 ut

264 5595 334 5656 infra
405 5648 406 5652 ,
456 5594 488 5644 32
507 5593 662 5662 praedictus]
681 5610 728 5643 om.
747 5595 786 5657 (P)
911 5591 977 5659 esse]
995 5593 1079 5652 omQ
1211 5593 1243 5642 33
1263 5592 1380 5660 hilarius]
1398 5593 1484 5652 omo
1608 5594 1640 5645 31
1659 5589 1743 5659 illum]
1761 5608 1819 5641 eum
1840 5593 1862 5652 O

265 5677 444 5748 1'ratrem]om.
464 5679 484 5738 O
590 5678 688 5746 a]1>o‘2
794 5679 825 5729 311
844 5676 905 5746 que]
924 5680 1010 5737 omo
1115 5681 1146 5729 31
1167 5695 1223 5729 rum
1243 5693 1271 5727 eo
1291 5682 1378 5728 morati
1398 5687 1509 5742 tempore
1530 5679 1550 5738 O
