4374 6186
713 423 827 479 LIBER
845 424 894 478 Du
913 422 1146 480 VIRTVTIBVS
1164 422 1302 480 seueri
1320 422 1477 480 HILABII.
1869 431 1904 493 11

283 616 427 681 occultae
457 614 661 699 cogitationis
690 614 832 681 facinora
860 614 1004 681 revelata
1033 614 1197 698 adspexit,
1232 613 1462 697 consideravit,
1495 615 1653 698 ingemuit
1682 624 1715 684 et
1735 616 1842 702 flevit,
1874 625 1909 684 ut

283 718 389 784 saltim
412 718 614 785 lacrimarum
637 718 725 784 fonte
748 718 874 801 rigante
897 718 1043 799 dilueret,
1071 717 1157 800 quod
1180 717 1275 784 corde
1297 717 1503 802 delinquente
1519 718 1673 786 foedavit.
1713 720 1775 799 Qui
1796 728 1910 805 postea

283 822 404 887 maiora
425 823 539 888 obtulit
561 829 704 904 exactus,
731 841 824 887 cerae
846 821 964 887 iudicio
987 821 1178 904 castigante.

373 926 434 1009 (3t)
462 927 542 991 ltem
565 946 636 991 cum
657 924 750 991 iuxta
773 924 1034 991 consuetudinem
1057 923 1198 1006 quadam
1220 931 1312 990 nocte
1326 944 1439 991 cereus
1454 924 1663 992 inluminatus
1678 926 1802 1010 fuisset,
1828 946 1906 994 casu
1928 923 1994 989 XII

251 1048 264 1086 ⁵
285 1049 380 1114 super
395 1030 601 1114 sepulchrum
616 1029 686 1095 eius
703 1029 757 1111 qui
772 1028 1001 1094 intercessione
1017 1047 1077 1092 sua
1092 1028 1233 1094 viviticat
1248 1028 1364 1094 ardens
1380 1029 1506 1110 corruit,
1526 1029 1572 1095 ita
1587 1037 1623 1095 ut
1634 1049 1732 1116 super
1741 1030 1910 1097 mafortem

282 1152 344 1214 quo
368 1132 483 1198 cecidit
504 1132 573 1198 sine
596 1132 741 1198 laesione
763 1133 874 1213 aliqua
896 1131 1093 1216 perarderet.
1133 1133 1217 1197 Nam
1233 1132 1266 1196 in
1281 1140 1435 1215 quantum
1450 1133 1511 1198 fuit
1525 1152 1618 1199 cerae
1633 1133 1809 1217 longitudo,
1837 1154 1911 1200 cera

280 1236 390 1301 iacens
418 1237 549 1302 inventa
577 1242 644 1316 est,
678 1256 800 1321 papyro
831 1242 1032 1317 consumata,
1069 1242 1221 1318 tanquam
1244 1236 1271 1301 si
1294 1236 1463 1301 confinium
1486 1256 1561 1302 cera
1582 1236 1655 1322 ipsa
1676 1236 1808 1303 fecisset
1828 1237 1912 1304 inter

280 1339 390 1422 ignem
413 1345 445 1405 et
467 1339 619 1423 pallium,
653 1345 688 1404 ut
711 1340 752 1405 ab
774 1338 847 1422 ipsa
869 1338 1067 1405 inveniretur
1090 1339 1220 1405 defendi
1242 1359 1300 1423 per
1322 1360 1417 1422 quam
1439 1340 1598 1424 potuisset
1619 1340 1720 1406 exuri.
1766 1340 1912 1407 Attendit

282 1442 483 1524 beneficium,
509 1449 545 1507 ut
566 1442 769 1508 oboediretur
790 1448 973 1526 praecepto.
1014 1442 1117 1521 Quam
1141 1462 1269 1527 semper
1291 1442 1351 1508 scit
1373 1442 1520 1523 subdere,
1546 1443 1599 1508 hic
1622 1463 1728 1509 ceram
1751 1444 1836 1528 ignis
1852 1465 1911 1511 ex-

233 1565 262 1606 rc
282 1547 387 1630 pasit3
405 1566 502 1629 quam
518 1546 561 1612 ad
575 1546 710 1611 ardendi
726 1546 880 1611 auxilium
897 1551 1064 1627 sumserat,
1083 1546 1156 1630 ipsa
1170 1546 1242 1611 visa
1257 1552 1307 1611 est
1322 1567 1514 1631 repugnare.
1567 1548 1629 1630 (35)
1653 1546 1720 1613 Sed
1734 1546 1817 1613 inter
1831 1548 1912 1614 haec

281 1650 364 1716 illud
386 1650 537 1715 admonet
557 1651 681 1734 potius,
708 1655 742 1714 ut
764 1650 904 1715 dicatur:
940 1649 972 1714 in
995 1649 1113 1715 virtute
1136 1648 1328 1715 confessoris
1352 1669 1433 1731 quas
1456 1648 1569 1715 didicit
1590 1669 1664 1715 cera
1686 1649 1832 1716 flammas
1854 1671 1912 1716 ex-

282 1754 388 1837 tinxit,
415 1761 447 1820 et
469 1774 622 1820 converso
646 1754 757 1819 ordine
779 1754 862 1819 illud
884 1773 904 1817 a
927 1773 989 1836 quo
1012 1752 1118 1818 vorari
1140 1753 1244 1838 potuit
1257 1753 1467 1838 praefocavit.
1506 1753 1663 1819 Diversae
1679 1755 1805 1838 species
1820 1775 1910 1822 suam

283 1858 373 1924 visae
403 1865 477 1923 sunt
505 1865 651 1923 naturam
681 1864 843 1922 mutasse:
877 1876 918 1921 nc
940 1855 1019 1938 quid
1041 1856 1093 1921 hic
1115 1855 1265 1921 incendia
1288 1856 1467 1938 laederent,
1502 1856 1635 1941 pallIum
1660 1878 1717 1942 pro
1739 1878 1907 1939 marmore,

283 1981 356 2026 cera
386 1962 447 2027 fuit
475 1981 532 2046 pro
562 1960 702 2026 flumine.
757 1963 816 2044 (36)
845 1959 911 2025 Sed
940 1965 1092 2044 quantum
1115 1966 1165 2025 cst
1186 1959 1273 2044 apud
1294 1959 1388 2025 illum
1411 1961 1495 2026 cerei
1517 1962 1625 2026 lumen
1648 1961 1835 2045 extinguere
1856 1962 1912 2047 qui

235 2083 263 2122 ¹⁵
283 2085 449 2131 caecorum
473 2066 582 2130 lumen
605 2063 760 2144 accendit,
788 2071 845 2128 aut
868 2083 938 2129 cum
961 2063 1095 2129 alterius
1119 2063 1286 2128 cadaveris
1310 2064 1507 2148 sepulturam
1529 2066 1692 2131 oculorum
1712 2065 1788 2149 igne
1804 2065 1912 2132 redin-

282 2174 397 2251 tegrat,
424 2188 519 2250 quam
543 2168 640 2234 facile
663 2167 821 2232 credimus
845 2167 885 2232 de
909 2167 1078 2251 sepulchro
1101 2166 1228 2252 proprio
1251 2174 1286 2233 ut
1306 2166 1453 2232 dammas
1475 2169 1641 2253 expellat?

373 2274 435 2356 (37)
461 2272 587 2337 Vellem
616 2270 722 2336 adhuc
751 2270 922 2335 insatiatus
951 2270 1161 2336 sacratissimi
1190 2270 1249 2335 viri
1272 2271 1427 2336 miracula
1448 2271 1541 2355 quasi
1563 2270 1769 2356 peculiariter
1790 2270 1910 2338 decan-
1933 2268 2013 2333 XIII

282 2382 361 2456 tare,
391 2375 450 2440 sed
472 2394 584 2440 vereor
606 2395 646 2440 ne
670 2373 755 2439 unde
778 2394 883 2438 meam
906 2373 1000 2457 cupio
1022 2373 1226 2439 devotionem
1250 2374 1418 2440 ostendere
1441 2374 1596 2440 auditoris
1617 2375 1758 2440 animum
1781 2375 1912 2443 fastidio

284 2484 434 2544 nascente
450 2478 562 2543 videar
577 2477 745 2543 obdurare.
798 2479 857 2559 (38)
886 2476 937 2540 Da
952 2475 1040 2557 mihi,
1061 2477 1123 2560 pie,
1151 2476 1279 2541 veniam
1299 2476 1339 2542 de
1353 2484 1461 2543 textus
1475 2478 1570 2544 huius
1585 2478 1755 2562 parvitate,
1781 2479 1825 2544 da
1838 2479 1912 2546 usui

232 2597 263 2640 no
284 2582 429 2666 culpam,
464 2582 504 2646 de
534 2601 596 2663 quc
627 2581 779 2663 exiguum
811 2580 949 2645 dicerem
981 2579 1009 2645 si
1032 2579 1132 2644 libros
1154 2579 1338 2664 implerem,
1371 2601 1412 2646 ne
1436 2581 1511 2646 dum
1534 2582 1672 2648 hominis
1695 2583 1787 2668 cupio
1809 2584 1911 2651 vitare

286 2684 433 2767 fastidia,
467 2685 579 2750 videar
607 2685 768 2749 incurrere
799 2683 991 2749 confessoris
1020 2682 1187 2748 offensam.
1234 2681 1301 2748 Sed
1328 2703 1497 2768 praesumo
1526 2685 1666 2770 plurima
1688 2685 1728 2752 de
1750 2693 1783 2753 te
1805 2685 1911 2752 minus

286 2787 401 2869 dicere,
429 2796 464 2854 ut
486 2789 527 2854 de
549 2795 581 2854 te
604 2789 713 2872 legere
735 2788 888 2873 populum
911 2786 1053 2853 brevitas
1076 2787 1148 2871 plus
1171 2786 1296 2852 invitet.

771 3488 901 3584 viil
934 3488 1130 3586 siricii
1164 3485 1426 3585 GERMANI.

375 3723 415 3803 (1)
443 3721 561 3785 Beatus
591 3720 688 3803 igitur
717 3719 896 3784 Germanus
927 3718 1120 3814 Parisiorum
1151 3718 1296 3802 pontifex
1325 3718 1474 3784 territorii
1501 3719 1796 3802 Augustidunensis
1825 3720 1949 3793 iudi-I

234 3837 263 3878 ²⁵
283 3843 369 3906 gena
406 3831 497 3908 patre
526 3823 712 3888 Eleutherio
745 3830 847 3888 matre
875 3842 1000 3905 quoquc
1024 3820 1166 3887 Eusebia
1196 3823 1340 3888 honestis
1369 3806 1600 3903 honoratisque
1622 3824 1809 3908 parentibus
1838 3844 1913 3908 pro-

282 3932 408 3992 creatus
440 3934 499 3992 est.
552 3929 591 4008 (2)
620 3927 720 3991 Cuius
742 3926 906 4010 genetrix,
941 3946 997 4010 pro
1020 3946 1058 3991 eo
1081 3925 1165 4008 quod
1189 3927 1272 3991 hunc
1294 3932 1367 4011 post
1389 3927 1525 3991 alterum
1547 3926 1631 3991 intra
1652 3926 1751 3993 breve
1773 3927 1912 4011 spatium

282 4031 480 4116 concepisset
499 4031 534 4096 in
557 4038 657 4112 utero,
684 4029 806 4115 pudore
830 4036 916 4094 mota
938 4028 1100 4110 muliebri,
1127 4029 1278 4114 cupiebat
1300 4036 1375 4095 ante
1397 4037 1522 4115 partum
1538 4029 1694 4096 infantem
1710 4030 1908 4113 extinguere,

281 4141 314 4199 et
343 4141 475 4220 accepta
507 4135 654 4220 potione,
693 4140 728 4199 ut
755 4133 934 4198 abortivum
965 4133 1139 4216 proiceret,
1172 4133 1247 4198 dum
1277 4153 1393 4199 nocere
1423 4154 1486 4198 non
1516 4141 1644 4218 posset,
1677 4134 1852 4200 incubabat
1878 4135 1913 4200 in

282 4245 408 4323 venue,
442 4245 477 4302 ut
507 4238 649 4323 pondere
677 4237 879 4323 praefocaret
909 4257 1004 4319 quem
1034 4257 1160 4302 venena
1191 4236 1319 4303 laedere
1349 4258 1413 4302 non
1441 4238 1596 4303 valerent.
1656 4240 1696 4319 (3)
1723 4238 1914 4304 certabatur

232 4356 262 4396 ³⁰
282 4349 384 4408 mater
414 4363 485 4408 cum
517 4344 670 4428 parvulo,
704 4340 864 4406 renitebat
892 4340 1001 4405 infans
1032 4341 1073 4405 ab
1103 4346 1211 4405 utero:
1244 4347 1313 4406 erat
1341 4361 1418 4424 ergo
1447 4361 1558 4425 pugna
1585 4339 1669 4406 inter
1691 4340 1858 4407 mulierem
1881 4348 1913 4407 et

281 4445 416 4512 viscera.
460 4446 663 4512 Laedebatur
685 4452 832 4509 matrona
853 4465 913 4510 nec
935 4445 1110 4510 nocebatur
1132 4443 1278 4523 infantia,
1307 4444 1531 4509 obluctabatur
1545 4443 1680 4525 sarcina,
1707 4464 1748 4510 ne
1763 4444 1910 4528 genetrix

281 4550 371 4615 fieret
399 4549 571 4635 parricida.
624 4551 662 4633 (l)
690 4549 730 4614 Id
759 4556 864 4614 actum
897 4556 962 4633 est,
997 4556 1031 4614 ut
1054 4556 1200 4615 servatus
1223 4547 1388 4614 incolomis
1411 4547 1482 4631 ipse
1504 4547 1648 4613 inlaesus
1670 4547 1858 4632 precederet
1879 4538 1913 4614 et

370 4864 379 4912 i
402 4864 552 4924 cognitionis
572 4863 611 4923 (Α)
748 4864 880 4924 corruperit
899 4865 920 4910 A
1052 4860 1226 4910 considerabat
1247 4862 1268 4907 i}
1389 4862 1495 4910 defleuit
1514 4862 1537 4909 A
1669 4859 1878 4922 stagnantem

281 4953 385 5000 diluerit
403 4953 432 5013 G,
455 4952 568 4999 doluerat
586 4951 608 4996 A
737 4950 985 4999 bintercessioued
1090 4944 1145 5014 sua]
1164 4953 1273 4997 mortuos
1291 4947 1348 4998 add.
1368 4945 1401 4996 0²
1505 4952 1642 4997 mauortem
1655 4949 1687 5008 A,
1706 4945 1742 5006 cs.
1759 4947 1802 4994 Du
1818 4946 1909 5009 Ocnos,

285 5040 364 5087 Gtoaa.
385 5037 423 5086 ed.
444 5038 563 5085 Henschct
582 5038 597 5083 1
601 5037 627 5099 V,
646 5052 672 5098 p.
694 5040 744 5085 m
876 5035 890 5083 'l
910 5040 1057 5094 consumpta
1076 5036 1099 5083 A
1229 5035 1245 5084 9
1263 5036 1413 5083 beneficium
1432 5031 1474 5101 ut]
1491 5035 1577 5084 om.A
1699 5034 1824 5082 oboediret
1844 5030 1878 5081 0¹

281 5121 334 5189 hic]
352 5138 399 5174 om.
416 5124 437 5170 Α
553 5122 580 5171 11
602 5119 702 5189 didicit]
725 5124 767 5169 ΟΛ
883 5120 914 5170 13
933 5127 1044 5170 mutasse
1063 5126 1178 5170 naturam
1197 5122 1218 5168 Α
1322 5117 1445 5188 nequid]
1464 5135 1546 5183 neqm
1565 5121 1587 5168 A
1696 5118 1911 5181 leprosorum

282 5212 372 5263 ruite
489 5209 520 5258 lb
538 5211 669 5272 sepultura
687 5211 710 5256 A
827 5208 857 5257 19
874 5212 988 5256 obturare
1010 5208 1050 5268 (Α)
1159 5208 1189 5256 de
1208 5211 1296 5256 textus
1315 5207 1392 5256 huius
1410 5204 1546 5274 paruitate]
1563 5222 1596 5255 ue
1614 5212 1712 5256 textum
1731 5207 1808 5255 hulua
1825 5207 1912 5268 parol-

284 5308 360 5349 tatem
379 5299 504 5359 repellens
522 5298 645 5358 improbes
664 5298 686 5343 A
842 5291 914 5360 unul]
932 5297 1027 5355 scripsi,
1049 5296 1132 5353 ausui,
1153 5308 1186 5342 au
1204 5297 1231 5342 lo
1248 5295 1326 5341 lituro
1346 5294 1377 5353 0,
1402 5295 1471 5341 casm
1492 5294 1532 5354 (Α)
1689 5292 1719 5342 21
1741 5293 1912 5342 laticlauia

282 5387 313 5435 22
332 5397 455 5433 nxrnrcrr
473 5397 551 5429 nmnn
569 5397 603 5429 ns
621 5396 776 5430 vrnrcrrnvs
795 5382 835 5442 (ἲ),
857 5394 949 5429 suucrr
968 5394 1073 5429 urnann
1091 5381 1149 5430 cdd.
1170 5378 1210 5439 0²,
1233 5383 1343 5442 sequitur
1360 5381 1464 5441 epistota
1481 5380 1515 5427 od
1534 5379 1630 5428 Abram
1647 5379 1727 5442 tiliam
1744 5394 1816 5428 auom
1835 5379 1881 5428 GA

368 5471 400 5521 23
420 5485 450 5518 ru
473 5483 579 5516 exarari
602 5482 705 5517 scursa
730 5482 830 5515 rucrrur
852 5482 914 5515 vrrs
938 5481 1087 5517 sarreriae
1108 5470 1169 5525 (nuc
1187 5467 1217 5528 Ρ)
1237 5479 1393 5516 nnarrssnrr
1412 5480 1533 5515 ernamur
1555 5468 1682 5527 (xmscorr
1700 5464 1758 5515 odd.
1779 5465 1810 5527 Ρ)
1830 5478 1910 5515 naar·

282 5571 375 5605 succan
393 5570 470 5605 vnurs
488 5569 643 5603 aurnsrrrrs
664 5558 820 5616 (uurrsrrrrs
839 5568 918 5603 anina
936 5568 952 5601 n
971 5566 1137 5603 vasnaanrnr
1156 5566 1314 5602 enarrasse
1333 5566 1455 5601 nurscoro
1472 5552 1531 5603 cdd.
1548 5550 1579 5613 G]
1601 5552 1644 5600 PG
1761 5550 1794 5600 24
1812 5554 1910 5614 agusti·

283 5645 404 5692 dunensis
421 5644 564 5705 plerumque
585 5641 638 5701 Po,
660 5643 694 5702 cf.
713 5657 789 5690 cerm.
809 5642 866 5703 V‚c
971 5639 1004 5689 25
1023 5647 1091 5703 patre
1110 5637 1260 5706 eleutherio]
1280 5655 1306 5702 p.
1326 5653 1426 5702 quoque
1445 5639 1600 5688 euleutneno
1618 5637 1641 5685 P
1744 5633 1794 5704 cat]
1812 5651 1862 5687 om.
1878 5637 1910 5686 1²¹

282 5730 314 5781 27
334 5731 456 5778 muliebre
476 5728 498 5774 P
600 5725 879 5794 adaquandum
981 5725 1133 5794 certabatur]
1152 5727 1180 5787 P,
1202 5726 1236 5788 cs.
1256 5731 1354 5787 purtem
1373 5728 1395 5789 1,
1413 5741 1440 5787 p.
1461 5729 1511 5776 392

1664 5819 1702 5870 21
