4374 6186
937 432 1141 490 APPENDIX1

997 762 1089 826 XVII

934 900 1025 975 Item
1051 901 1149 975 aliud

564 1066 711 1132 Plaudite
735 1089 812 1134 0000
834 1068 912 1148 dec,
940 1070 994 1154 pia
1016 1070 1140 1137 reddite
1162 1077 1253 1154 vota,
1280 1091 1421 1152 sorores,

649 1170 733 1252 quud
756 1170 803 1236 sic
824 1170 988 1238 vobiscum
1010 1174 1130 1256 gaudia
1151 1181 1240 1240 tauta
1263 1172 1386 1240 sedent.

564 1292 614 1337 me
638 1273 715 1337 faris
737 1274 869 1340 excluso
892 1295 948 1341 vos
970 1277 1054 1342 hauc
1076 1277 1220 1344 retinetis
1242 1263 1404 1344 amantes:

651 1376 736 1458 qued
759 1397 924 1444 commune
945 1380 1069 1465 placet,
1095 1402 1158 1446 nau
1182 1381 1276 1445 simul
1298 1399 1371 1446 esse
1393 1379 1478 1447 licet.

499 1523 503 1535 -
565 1479 645 1545 haec
667 1481 826 1564 longaeva
848 1481 903 1547 diu
926 1491 1054 1550 maneat
1075 1505 1134 1569 per
1156 1484 1285 1568 singula
1306 1483 1399 1548 uobis

651 1581 762 1649 floreat
784 1590 816 1650 et
839 1585 961 1652 cunctis
983 1586 1206 1674 participanda
1226 1586 1330 1653 bonis.

990 1860 1100 1927 XVIII

935 2001 1027 2075 Item
1053 1999 1152 2076 aliud

568 2166 680 2233 Cuncti
703 2168 798 2235 lrcdie
820 2168 938 2236 festiva
960 2171 1082 2237 colunt:
1109 2191 1170 2254 ego
1193 2171 1281 2237 selus
1303 2171 1336 2236 in
1358 2171 1434 2238 arbe

653 2272 771 2337 absens
794 2272 896 2339 natali
918 2294 1094 2357 conqueror
1115 2293 1187 2340 esse
1208 2280 1282 2354 100ος

568 2374 624 2457 qui
646 2374 673 2439 si
696 2374 777 2440 forte
800 2376 905 2444 lateus
926 2377 994 2443 alia
1014 2378 1147 2461 regione
1170 2376 1321 2458 fuissem,

654 2476 697 2543 ad
719 2498 777 2544 vos
799 2478 972 2546 debueram
996 2480 1138 2547 concitus
1159 2480 1206 2546 ire
1228 2479 1343 2564 magis.

503 2603 515 2639 a
568 2601 651 2646 nuuc
674 2581 731 2646 alii
753 2581 811 2647 tibi
834 2583 930 2667 dant,
957 2604 1018 2668 ego
1040 2605 1173 2650 munera
1194 2584 1285 2650 nulla
1308 2584 1421 2664 sorori,

655 2685 706 2750 001
729 2685 807 2752 dare
830 2686 884 2770 qui
908 2687 995 2771 patui
1017 2687 1160 2773 pomula,
1188 2707 1277 2753 mera
1299 2686 1367 2752 icti.

569 2787 627 2854 sed
649 2788 797 2871 quamvis
819 2790 938 2856 absens
961 2790 1084 2876 specie,
1112 2810 1182 2856 sum
1205 2797 1332 2876 pectere
1354 2810 1508 2874 praesens

656 2898 688 2957 et
708 2912 786 2975 rogo
808 2912 890 2975 quae
914 2893 988 2959 misi
1010 2894 1096 2960 dona
1117 2894 1256 2960 libenter
1277 2894 1377 2960 habe:

571 2993 617 3058 sic
639 2993 719 3059 deus
742 2995 943 3081 omnipotens
964 3003 1075 3082 parcat
1096 2996 1189 3062 matri
1210 3002 1306 3080 atque
1329 2995 1445 3078 sorori,

489 3118 516 3156 lc
656 3116 738 3180 quae
760 3118 823 3163 ncn
846 3107 980 3184 egerunt
1001 3121 1052 3166 me
1075 3100 1212 3167 retinere
1235 3100 1308 3166 sibi.

570 3199 651 3266 haec
673 3200 728 3284 pia
751 3200 835 3268 festa
858 3202 913 3268 diu
935 3206 1070 3289 multos,
1099 3203 1186 3270 senis
1207 3205 1300 3289 ipsa,
1325 3223 1383 3289 per
1404 3223 1505 3269 annus

658 3303 744 3369 laeta
766 3311 868 3372 matre
890 3307 1003 3389 simul,
1031 3329 1083 3375 me
1105 3327 1232 3392 quoque
1254 3307 1353 3374 fratre
1375 3307 1474 3373 colas.

1012 3583 1092 3647 XIX

945 3719 1036 3795 Item
1063 3720 1161 3796 aliud

579 3889 667 3953 Haec
688 3888 767 3953 mibi
790 3888 873 3954 festa
896 3889 966 3955 dies
988 3890 1102 3975 longos
1125 3891 1319 3976 superinstet
1339 3891 1373 3956 in
1396 3911 1513 3971 annos,

663 3990 785 4075 gaudia
806 4013 925 4076 magna
947 3992 1054 4059 ferens
1076 3993 1156 4060 haec
1178 3992 1256 4058 mihi
1279 3994 1362 4059 festa
1384 3993 1466 4059 dies.

578 4101 719 4177 praestet
740 4115 847 4161 amore
870 4096 951 4161 dcus
973 4103 1039 4162 tam
1061 4115 1215 4181 prospera
1236 4104 1312 4162 vcta
1334 4117 1392 4181 per
1414 4116 1547 4179 aevum,

664 4197 792 4263 Martini
814 4198 937 4265 meritis
959 4205 1100 4284 praestet
1121 4220 1230 4266 amore
1252 4198 1344 4265 deus.

513 4323 525 4361 ⁵
578 4301 771 4387 participata
792 4302 871 4368 mihi
892 4303 1056 4370 vobiscum
1077 4303 1159 4369 haec
1180 4303 1303 4387 gaudia
1324 4302 1470 4370 Christus

666 4412 772 4471 servet
793 4404 826 4470 in
848 4407 923 4472 urbe
947 4406 1002 4473 diu
1024 4407 1218 4493 participata
1239 4406 1330 4472 mihi.

579 4508 666 4573 mitis
688 4509 722 4572 in
744 4529 821 4574 aure
844 4528 942 4576 sunus
964 4511 1057 4576 suavi
1078 4510 1250 4578 dulcedine
1270 4510 1384 4591 tinuit,

667 4632 788 4695 organa
809 4613 898 4679 vocis
920 4613 1044 4681 habens
1066 4615 1153 4680 mitis
1175 4615 1208 4680 in
1230 4635 1309 4681 aure
1331 4633 1440 4680 senus.

580 4716 728 4781 blandior
749 4736 825 4782 esca
847 4717 931 4783 lavis
953 4725 1060 4784 vestra
1082 4719 1123 4785 de
1146 4718 1239 4785 fauce
1261 4717 1379 4802 rigavit

500 4840 526 4878 rc
667 4827 699 4884 et
720 4839 804 4885 nova
825 4822 923 4887 mella
945 4820 1035 4887 dedit
1055 4821 1204 4887 blandior
1225 4842 1301 4889 esca
1323 4820 1420 4886 favis.

582 4923 643 4987 huc
665 4923 809 4989 variante
832 4924 926 4990 choro
948 4946 1010 4989 vax
1033 4924 1108 4991 inde
1131 4932 1234 4992 rotata
1256 4924 1411 5006 cucurrit,

668 5026 816 5092 sensibus
838 5027 996 5111 angelicis
1018 5029 1081 5093 huc
1103 5027 1248 5094 variante
1270 5028 1375 5094 chore.

582 5129 724 5194 carmina
745 5136 857 5196 sancta
879 5130 935 5195 diu
959 5151 1021 5196 vox
1042 5131 1102 5196 illa
1123 5131 1282 5197 ministret
1304 5131 1345 5196 ab
1368 5151 1423 5197 crc

668 5238 702 5297 et
722 5240 866 5298 recreent
887 5232 1010 5299 animos
1033 5233 1176 5299 carmina
1197 5241 1308 5300 sancta
1330 5234 1397 5300 diu.

279 5396 298 5401 -.
307 5395 384 5401 -.—.
406 5391 659 5400 --—-—————

316 5479 391 5526 XVII
463 5477 487 5526 Σ
518 5474 593 5527 .55”

319 5564 406 5612 xvrll
503 5478 642 5625 1135551
748 5563 864 5611 lcuucti
885 5560 1041 5630 (lucrardna]
1058 5565 1157 5613 cunctis
1259 5559 1349 5630 acuo]
1369 5579 1425 5615 mec
1528 5563 1697 5612 idebueram
1719 5559 1873 5628 owardus]

250 5651 381 5699 dubletum
485 5650 586 5700 600000
598 5646 656 5717 loti]
673 5663 739 5698 more
752 5649 799 5697 1001
813 5650 963 5712 dunarum,
980 5655 1078 5713 expecto
1090 5652 1167 5700 uerba
1178 5650 1238 5700 dedi
1254 5650 1297 5713 (cf.
1311 5666 1336 5699 0.
1351 5651 1377 5712 8)
1485 5648 1516 5698 12
1534 5643 1779 5714 transcurrerem]
1797 5650 1873 5698 inter

319 5737 381 5786 XIX
470 5735 494 5784 Σ
511 5737 532 5796 r.
554 5734 600 5787 55⁰
704 5735 823 5786 bscruet
841 5734 995 5804 1100000500]
1011 5751 1097 5787 seruet
1204 5735 1231 5786 11
1254 5751 1280 5786 rc
1298 5740 1338 5786 aa
1443 5735 1473 5787 1³
1492 5735 1618 5784 ministrat
1724 5732 1756 5783 lt
1773 5733 1873 5787 culmus
