4374 6186
923 424 1127 480 APPENDIX.

482 658 487 671 ι
548 633 692 698 carnem,
720 615 841 698 pullum
865 615 960 679 simul
984 614 1092 679 discus
1115 623 1245 681 ornatus
1268 615 1408 696 undique
1431 653 1471 660 -·

547 717 699 801 temperis
722 738 805 800 quae
828 717 937 801 spacio
960 718 1082 782 eunctis
1105 719 1190 783 seras
1213 718 1300 782 cibes
1322 717 1356 781 in
1378 737 1431 782 cre

548 827 581 886 et
602 841 623 884 a
645 820 766 886 cunctis
789 821 919 904 lengum
943 840 1010 886 sem
1036 873 1042 885 .
1065 872 1071 884 .
1095 873 1100 884 .

548 923 678 989 demina
700 944 795 1007 super·
817 931 848 989 te
870 931 902 988 et
924 931 955 990 te
978 925 1073 989 simul
1097 943 1223 1008 semper
1245 944 1316 988 cum
1338 923 1411 1008 ipsa

549 1048 631 1110 quae
655 1027 708 1091 die
731 1033 889 1109 noctuque
911 1026 1066 1092 melliflua
1088 1026 1242 1093 diffundis
1264 1028 1305 1091 ab
1327 1047 1391 1092 ure.

995 1371 1058 1434 Xll

917 1512 1008 1585 Item
1035 1510 1132 1584 aliud

550 1680 634 1744 Dum
658 1681 730 1746 velo
753 1679 948 1745 carminibus
971 1687 1078 1745 notum
1100 1700 1284 1765 percurrere
1307 1680 1480 1764 plectrum,

634 1783 752 1868 incipio
775 1783 868 1849 sclito
890 1782 1013 1867 pigrius
1036 1783 1082 1849 ire
1105 1783 1205 1868 pede,

549 1907 608 1951 nec
631 1886 710 1950 milri
733 1885 915 1969 ‹lectilcqua
937 1886 1094 1952 consentit
1116 1885 1295 1951 harundine
1317 1886 1426 1966 Musa,

634 2010 716 2072 quae
739 1990 875 2055 desueta
898 2008 991 2054 suum
1014 1989 1156 2073 pandere
1178 1987 1280 2054 nescit
1303 2008 1395 2073 epus.

484 2135 487 2147 ·
549 2091 607 2156 scd
629 2091 776 2175 quamvis
799 2091 896 2156 dubio
919 2090 1058 2178 trepidet
1079 2112 1151 2157 mea
1173 2090 1293 2158 chorda
1314 2092 1436 2173 relatu,

635 2194 788 2260 audacter
811 2196 878 2260 selo
901 2202 1066 2280 promptus
1088 2215 1196 2261 amere
1219 2196 1340 2279 loquor.

548 2318 624 2363 cara
646 2298 788 2381 benigna
809 2298 927 2364 decens
950 2297 1054 2363 dulcis
1075 2298 1130 2382 pia
1153 2318 1280 2383 semper
1302 2297 1469 2377 habenda,

635 2400 726 2465 cuius
748 2401 781 2465 in
805 2402 923 2467 affectu
946 2407 1010 2466 stat
1032 2400 1112 2465 mihi
1134 2401 1234 2486 patris
1255 2400 1372 2482 honor,

549 2523 740 2586 perquam,
767 2524 850 2585 quae
873 2503 1001 2587 genuit,
1027 2505 1171 2569 recolunt
1194 2522 1266 2569 mea
1288 2503 1412 2568 viscera
1435 2511 1585 2583 matrem,

635 2613 667 2671 et
689 2626 793 2672 meres
817 2606 910 2673 aviae
933 2615 965 2673 te
988 2613 1162 2673 renovante
1185 2608 1271 2672 colo:

550 2709 738 2793 suppliciter
760 2710 891 2775 humilis
914 2711 1010 2776 verbe
1033 2710 1214 2794 trepidante
1237 2711 1359 2790 saluto,

635 2812 862 2878 commendans
885 2813 1024 2878 animam
1047 2813 1106 2878 sed
1128 2810 1314 2877 famulando
1336 2830 1458 2893 meam,

550 2921 582 2979 et
604 2914 723 2998 pariter
745 2923 870 2996 natam,
898 2916 1021 3001 peperit
1043 2936 1139 2997 quam
1162 2915 1266 2999 gratia
1287 2915 1410 2980 cerdis:

635 3038 716 3100 quas
739 3039 795 3083 rex
818 3020 978 3084 caelorum
1002 3025 1108 3085 servet
1129 3019 1161 3083 in
1183 3018 1260 3084 erbe
1283 3017 1349 3083 diu.

987 3362 1068 3426 XIII

918 3501 1009 3575 Item
1036 3499 1133 3576 aliud

552 3669 606 3736 Sic
627 3690 685 3736 vos
707 3671 851 3738 Caesarii
874 3670 1001 3738 monitis
1023 3672 1124 3737 honor
1145 3680 1235 3738 ornet
1254 3672 1288 3739 in
1310 3674 1385 3739 orbe

638 3781 733 3857 atque
756 3775 869 3840 ambas
891 3794 964 3840 caro
986 3795 1059 3840 eum
1081 3782 1173 3860 patre
1195 3775 1342 3842 Christus
1365 3784 1467 3855 amet3

552 3876 598 3942 sic
620 3877 671 3943 hic
693 3877 847 3944 Caesarie
868 3886 901 3944 et
921 3879 1089 3963 praecelsa
1111 3878 1246 3945 casaria
1267 3886 1393 3962 surgat,

637 3987 673 4046 nt
694 4002 752 4065 per
773 4000 830 4046 vos
852 3981 977 4067 priscus
999 3981 1052 4046 hic
1073 3989 1236 4066 reparetur
1256 3982 1371 4056 honor:

487 4107 499 4143 5
551 4083 656 4166 gratia
678 4083 725 4148 sic
745 4083 821 4149 talis
842 4083 959 4167 niteat,
987 4105 1051 4167 qua
1073 4092 1196 4150 crescat
1216 4085 1249 4149 in
1270 4105 1350 4152 aevo

638 4206 695 4271 per
716 4205 773 4251 ves
796 4186 934 4253 Pictavis
955 4187 1144 4253 Arelatense
1166 4186 1280 4265 decus3

553 4289 599 4354 sic
620 4288 673 4374 pic
696 4289 829 4355 caelesti
850 4310 1030 4356 mereamur
1049 4291 1158 4357 vivere
1180 4291 1250 4375 regi

639 4400 671 4457 et
692 4412 765 4457 mea
787 4393 951 4458 vobiscum
973 4394 1116 4459 membra
1137 4393 1307 4479 sepulchra
1328 4401 1453 4478 tegant:

553 4495 580 4560 si
603 4494 690 4578 qued
711 4494 745 4559 in
768 4497 890 4561 offense
912 4497 1066 4562 retinetur
1088 4503 1216 4581 pectore
1238 4517 1395 4580 murmur,

638 4598 672 4663 in
693 4598 765 4664 vice
787 4600 929 4664 laxatum
953 4600 995 4666 sit
1016 4600 1142 4666 veniale
1164 4621 1292 4685 precer:

554 4714 666 4786 pacem
689 4702 834 4768 Christus
857 4723 987 4783 amans,
1014 4703 1094 4768 mira
1116 4703 1287 4770 dulcedine
1309 4705 1440 4790 plenus,

640 4812 769 4890 pectora
790 4813 898 4872 vestra
919 4826 1011 4872 sacer
1032 4827 1067 4873 se
1090 4806 1252 4874 mediante
1274 4806 1364 4892 liget.

554 4910 696 4974 obtineat
717 4909 837 4995 pariter
859 4911 1044 4976 veneranda
1066 4911 1200 4978 casaria
1221 4931 1363 4993 mecum,

641 5033 724 5096 quae
746 5013 841 5079 simul
863 5014 1014 5100 amplexu
1036 5034 1094 5081 vos
1115 5015 1205 5100 cupit
1225 5034 1297 5082 esse
1319 5013 1383 5100 pio.

292 5382 359 5444 δοῖ.
379 5383 437 5433 uid.
457 5400 481 5434 c.
502 5386 566 5445 3³q.
674 5384 805 5445 undequac
920 5381 989 5442 des.
1012 5382 1057 5444 XI,
1078 5384 1118 5444 19,
1140 5384 1156 5429 3
1269 5382 1283 5430 7
1303 5385 1337 5429 stc
1354 5382 1421 5442 scre:
1440 5382 1541 5441 longum
1560 5377 1669 5447 scm[pcr
1687 5381 1842 5430 bertedicarls

220 5471 247 5518 ln
266 5484 366 5532 aeuum,
387 5469 428 5518 ced
446 5470 503 5518 tace
520 5471 608 5519 caelica
626 5472 721 5519 intacta
738 5473 839 5519 mancat
943 5467 958 5515 s
977 5467 1154 5529 campensem
1171 5473 1194 5517 et
1212 5470 1300 5531 Aptuca
1317 5469 1461 5530 compellare
1478 5466 1575 5515 uidetur
1678 5467 1694 5515 9
1711 5468 1755 5530 qui

292 5556 340 5602 XII
412 5555 436 5603 Σ
452 5558 472 5617 s.
495 5553 541 5604 51⁰
645 5556 660 5604 4
679 5557 710 5604 dc
729 5562 800 5604 sueta
905 5554 921 5603 5
940 5556 1066 5619 trepident
1084 5570 1137 5604 mcc
1155 5557 1226 5605 corda
1329 5556 1345 5605 6
1364 5558 1478 5619 prumtns
1582 5552 1597 5602 8
1616 5555 1705 5615 aflecta

292 5642 355 5690 XIII
428 5640 452 5689 Σ
462 5644 483 5703 s.
498 5640 545 5693 ΜΡ
648 5657 745 5691 cannen
762 5643 795 5690 ad
808 5642 987 5704 componendas
999 5646 1062 5692 inter
1073 5642 1250 5703 Rudepnadem
1261 5648 1284 5691 et
1296 5642 1383 5703 Appen
1396 5643 1531 5690 simultates
1542 5643 1661 5702 scriptum
1768 5639 1777 5688 l
1799 5654 1843 5687 ur·

223 5733 266 5776 uct
370 5727 385 5777 2
403 5730 488 5777 ambas
509 5725 660 5794 Gncrcrdca]
678 5732 743 5778 nm'as
849 5730 862 5778 3
882 5729 916 5790 es.
938 5728 1059 5780 Gncrmd.
1076 5745 1102 5791 p.
1125 5734 1156 5778 94
1271 5730 1286 5778 5
1304 5731 1362 5778 talla
1383 5724 1535 5794 duorardus]
1552 5730 1616 5777 tales
1720 5723 1736 5775 8
1753 5731 1844 5788 tegunt

1580 5827 1636 5881 36*
