4374 6186
888 394 1057 449 tusam
1075 395 1294 452 roman

542 619 547 633 ·
609 584 725 667 effugit
745 584 917 647 incolumis
939 604 996 667 per
1017 596 1131 668 aperta
1155 586 1342 669 lepusculus
1364 608 1441 651 arra

610 700 642 752 et
664 707 745 751 eane
768 686 909 769 seposito
930 697 1019 751 tutus
1040 688 1116 751 terit
1137 689 1204 752 alta
1227 689 1340 752 uiator.

609 791 661 854 bie
684 790 784 872 fugit.
810 789 867 853 ille
890 788 990 853 redit.
1016 789 1127 853 nullus
1148 791 1248 874 perit:
1273 811 1349 856 ecee
1371 794 1522 858 salntem.

610 893 656 957 sie
678 911 805 974 cinoque
828 892 975 956 bestiolis
996 911 1110 975 paoem
1134 912 1225 957 sacer
1247 894 1353 958 intulit
1375 894 1457 978 ipsis

609 994 826 1075 debilitasque
848 1014 964 1058 eanum
988 994 1073 1059 iacta
1096 1008 1146 1059 est
1167 997 1298 1079 pietatis
1320 997 1445 1080 imago.

542 1146 546 1153 ,
608 1097 663 1180 qui
687 1098 794 1181 potius
815 1098 914 1162 vetito
937 1097 1118 1162 didicerunt
1140 1119 1271 1182 [sarcere
1294 1120 1418 1164 morsu:

609 1200 738 1282 etquis
762 1199 931 1264 defuerant
953 1201 1099 1264 homines
1121 1202 1176 1266 ubi
1199 1203 1278 1265 mira
1301 1201 1449 1267 facessit.

608 1303 654 1366 nil
677 1302 719 1366 de
742 1301 839 1366 laude
863 1304 960 1386 perit:
987 1304 1141 1367 miracula
1165 1304 1268 1367 bestia
1292 1306 1404 1369 sensit.

694 1405 822 1482 Quanta
846 1406 941 1469 etiam
965 1407 1068 1470 saneti
1091 1407 1248 1471 sermonis
1270 1408 1373 1488 gratia
1397 1409 1503 1473 fulsit}

607 1511 662 1590 qui
686 1529 756 1571 oum
781 1528 883 1591 nuper
904 1528 995 1571 orem
1021 1507 1155 1572 sidisset
1178 1509 1299 1573 vellere
1320 1521 1465 1575 tonsam.

505 1633 535 1670 ,τ
613 1612 709 1676 baec
733 1611 913 1692 euangelii
936 1611 1048 1674 dicens
1076 1610 1244 1675 'mandata
1266 1613 1409 1696 peregit:

607 1733 746 1796 namque
769 1713 851 1777 duas
873 1713 999 1777 tunicas
1020 1724 1154 1794 gestans
1176 1734 1271 1778 uuam
1294 1715 1409 1778 obtulit
1431 1716 1540 1779 insons

607 1826 640 1881 et
660 1815 782 1880 nudata
805 1836 864 1879 suo
886 1814 927 1879 de
949 1815 1092 1897 tegmine
1113 1817 1193 1880 texit
1215 1820 1389 1898 egentem'.

694 1919 873 2002 lnspieieus
895 1917 1006 1982 itidem
1030 1927 1161 1983 sanetus
1182 1939 1240 2003 per
1262 1940 1335 1984 rura
1357 1922 1524 1986 subulcum

606 2022 745 2087 nudum.
773 2022 903 2105 pellicia
925 2030 1049 2085 tautum
1072 2022 1133 2086 sub
1155 2032 1244 2087 veste
1265 2033 1472 2089 trementem:

523 2146 535 2185 τ
612 2146 702 2191 ecee
725 2125 848 2189 Adam.
875 2124 1037 2206 quondam
1061 2124 1204 2208 paradisi
1226 2125 1303 2190 sede
1326 2128 1492 2211 repulsus.

607 2229 681 2293 exul
705 2229 748 2291 ab
770 2228 874 2310 elysio
896 2229 1002 2312 pascit
1023 2229 1132 2311 gregis
1155 2248 1211 2292 ora
1233 2229 1345 2292 suelli:

607 2331 753 2415 deponito
776 2333 894 2395 ueteris
916 2332 1022 2415 potius
1044 2331 1183 2396 carnalis
1205 2332 1324 2396 amictu

606 2435 710 2499 Adanu
733 2454 849 2517 nempe
871 2434 945 2497 nori
969 2453 1029 2496 nos
1051 2433 1183 2498 induere
1205 2434 1309 2498 instar
1329 2439 1478 2519 oportet'.

693 2538 775 2601 Hinc
797 2538 911 2601 iterum
935 2555 1069 2600 cernens
1092 2537 1259 2601 vernantia
1280 2545 1373 2621 prata
1395 2538 1510 2602 beatus

524 2662 529 2671 ¹
621 2660 696 2724 pars
718 2648 846 2724 pastus,
874 2659 949 2723 pars
973 2639 1079 2703 fossus
1101 2648 1186 2704 erat.
1213 2659 1289 2723 pars
1310 2638 1428 2705 lloreus
1449 2661 1564 2724 agger:

606 2743 664 2807 sed
687 2761 744 2805 sue
767 2741 951 2806 confossus.
977 2742 1059 2805 bore
1081 2749 1210 2825 pastus,
1237 2741 1314 2807 tlore
1336 2750 1511 2822 comatus,

605 2854 771 2928 comparat
793 2864 870 2926 ergo
892 2845 993 2908 tribus
1017 2856 1148 2909 sanutus
1170 2845 1232 2909 tria
1254 2846 1383 2910 nomina
1405 2847 1517 2912 rebus:

611 2949 729 3032 turpis
752 2946 903 3011 adulterii
926 2947 1051 3030 species
1074 2956 1124 3011 est
1145 2947 1232 3012 fossa
1255 2949 1405 3026 carectis,

605 3051 769 3133 herbaque
792 3050 932 3130 coniugii
954 3050 1071 3114 retinet
1091 3049 1226 3113 detonsa
1250 3049 1403 3133 liguram.

503 3180 508 3210 ι
604 3163 654 3218 est
676 3174 735 3236 par
756 3152 936 3235 virginibus
958 3152 1053 3216 violis
1076 3173 1158 3234 quae
1181 3162 1294 3217 vemat
1315 3153 1440 3237 imago.

605 3256 712 3320 herbis
736 3255 918 3329 luxurians,
947 3254 1041 3318 faeno
1064 3264 1140 3338 apta
1164 3264 1196 3319 et
1218 3253 1294 3320 flore
1317 3255 1449 3335 deeora,

604 3360 704 3443 digna
727 3358 804 3436 deo,
832 3358 969 3441 gemmis
992 3358 1105 3422 ratior.
1132 3356 1309 3422 radiantior
1330 3361 1441 3423 ostro'.

374 3553 469 3613 sulpic,
489 3553 550 3600 dial.
572 3553 606 3600 11.
701 3621 708 3631 .

269 3709 367 3769 padum
389 3710 569 3756 constiterunt:
597 3706 708 3754 crederes
732 3706 842 3763 vinctos,
869 3706 944 3751 immo
967 3705 1052 3764 potius
1076 3704 1170 3751 adttxos
1195 3708 1221 3752 in
1245 3706 1299 3752 suis
1322 3706 1425 3754 haerere
1449 3708 1570 3768 vestigiis
1608 3711 1645 3756 ita
1668 3709 1814 3771 lepusculus
1838 3727 1898 3775 per-

270 3795 428 3842 secutoribus
447 3795 555 3854 alligatls
574 3794 705 3840 incolumis
724 3792 813 3838 evasit.

341 3881 382 3937 td,
405 3884 417 3926 1
436 3879 532 3940 Operae
550 3879 659 3940 pretium
677 3883 761 3925 autem
780 3884 826 3937 est,
847 3877 923 3923 etiam
941 3876 1078 3923 familiaria
1096 3876 1165 3922 illius
1184 3877 1266 3927 rerba.
1287 3877 1453 3937 spiritualiter
1471 3879 1536 3925 salsa
1551 3878 1592 3939 tn,
1608 3893 1629 3927 a.
1643 3887 1729 3928 saneta
1745 3882 1772 3940 Υ,
1787 3884 1897 3944 spiritali

268 3966 321 4013 sale
332 3966 432 4013 condita
443 3970 465 4012 ct
477 3968 532 4013 aim.
547 3965 614 4022 AF),
631 3977 776 4011 memorare.
818 3962 848 4021 {z
871 3975 942 4009 ovem
955 3975 1042 4008 reeens
1055 3969 1151 4008 tonsam
1164 3963 1227 4009 torte
1241 3968 1414 4025 conspexerat.
1445 3965 1627 4024 euangelicum,
1643 3967 1737 4028 inquit,
1751 3969 1899 4017 mandatum

268 4054 316 4099 ista
334 4052 474 4114 conplevit:
496 4051 558 4097 duas
575 4051 664 4098 habuit
681 4051 790 4110 tunicas,
810 4063 886 4096 uuam
905 4062 989 4096 earum
1007 4048 1094 4106 largita
1112 4056 1150 4094 est
1169 4062 1217 4095 non
1237 4048 1352 4095 habenti:
1374 4051 1409 4096 lta
1427 4063 1485 4110 ergo
1503 4058 1528 4097 et
1547 4064 1590 4098 vos
1608 4053 1689 4100 lacere
1706 4052 1814 4101 debetis.

339 4141 378 4191 10,
401 4139 417 4185 3
436 4139 500 4185 ltem
519 4150 574 4183 cum
593 4137 725 4183 subulcum
744 4137 869 4194 algentem
886 4150 914 4182 ae
932 4149 1011 4196 paene
1030 4134 1126 4182 nudurn
1145 4136 1172 4181 in
1191 4134 1291 4195 pellicia
1310 4142 1379 4181 reste
1398 4137 1510 4185 uidisset.
1531 4150 1572 4193 en,
1593 4138 1686 4199 inquit,
1706 4139 1786 4187 Adam
1798 4142 1897 4190 eiectus

268 4223 299 4270 de
318 4224 433 4284 paradtso
463 4237 484 4270 e.
506 4223 531 4270 d.
551 4236 576 4283 p.
597 4236 645 4270 om.
665 4222 694 4281 l',
722 4224 750 4268 in
775 4227 843 4268 veste
868 4221 973 4282 pellteea
997 4235 1055 4268 sues
1081 4223 1174 4283 pascit:
1202 4220 1244 4267 sed
1264 4234 1309 4267 nos
1327 4221 1371 4267 illo
1390 4229 1473 4268 uetere
1491 4222 1614 4283 deposito.
1641 4225 1685 4284 qui
1702 4223 1782 4272 adhue
1800 4227 1830 4272 in
1847 4228 1898 4274 isto

270 4317 363 4366 manet,
384 4323 474 4356 norum
493 4308 571 4355 Adam
590 4310 674 4369 potins
693 4307 835 4354 induamus.

339 4397 381 4451 11),
402 4400 416 4442 t
440 4396 520 4442 Boves
546 4408 577 4441 ex
602 4401 673 4455 parte
697 4400 767 4455 prata
791 4394 958 4454 depaverant,
984 4393 1051 4454 porei
1071 4393 1146 4439 etiam
1166 4393 1286 4440 nonnulla
1305 4392 1472 4439 suffoderant:
1499 4405 1555 4453 pars
1573 4400 1670 4453 cetera,
1696 4409 1760 4456 quae
1778 4399 1899 4446 manebat

270 4482 380 4529 inlaesa.
401 4482 506 4528 dirersis
525 4482 628 4528 floribus
647 4481 719 4540 quasi
738 4480 804 4541 picta
824 4480 951 4527 vernabat.
991 4480 1112 4540 speeiem,
1141 4479 1238 4538 inquit,
1266 4480 1331 4537 gerit
1349 4492 1406 4539 pars
1424 4479 1468 4526 illa
1487 4481 1610 4539 coniugii.
1631 4494 1831 4542 qnaeapeoore
1849 4483 1897 4531 de·

268 4576 337 4628 pasta
355 4570 404 4615 etsi
424 4582 472 4616 non
491 4569 594 4629 penitus
612 4567 716 4626 gratiam
736 4566 819 4612 amisit
837 4566 983 4623 herbarum,
1011 4565 1105 4611 nnllam
1130 4571 1214 4611 umen
1240 4565 1326 4611 {lorum
1349 4567 1440 4613 retinet
1464 4566 1626 4626 dignitatem:
1654 4568 1698 4614 illa
1721 4580 1793 4626 sero,
1818 4582 1895 4630 quam

268 4656 334 4714 porti
353 4668 440 4716 peoora
457 4653 578 4701 tumunda
596 4653 729 4709 tolerunt,
756 4652 928 4698 fornicationis
953 4653 1088 4709 imaginem
1113 4650 1211 4698 foedum
1236 4650 1375 4710 protendit:
1402 4658 1512 4699 ceterum
1533 4651 1577 4698 illa
1594 4654 1688 4714 portio.
1714 4667 1779 4715 quae
1797 4656 1896 4704 nullam

267 4742 347 4788 sensit
366 4741 499 4797 luturlam,
525 4739 626 4798 gloriam
646 4738 799 4797 virginitatis
817 4736 942 4784 ostendit:
972 4736 1053 4783 herbis
1072 4736 1179 4784 fecunda
1197 4737 1325 4792 luxuriat,
1353 4737 1420 4784 foeni
1438 4739 1465 4783 ln
1483 4750 1512 4784 ea
1530 4737 1626 4784 tructus
1644 4739 1766 4786 exuberat
1783 4746 1809 4787 et
1828 4741 1897 4789 ultra

268 4839 367 4874 timitem
386 4825 494 4886 spectem
513 4826 635 4873 distincta
654 4825 757 4871 floribus
776 4824 847 4885 quasi
867 4824 972 4882 gemmis
991 4824 1143 4870 micantibus
1161 4830 1247 4870 ornata
1266 4823 1384 4871 radiate.
1404 4838 1426 4882 q.
1447 4837 1467 4870 a.

272 4980 361 4988 ——m
635 4979 678 4987 .-

336 5083 387 5131 .333
406 5085 538 5130 tricolumle
559 5082 602 5147 11²}
620 5084 748 5131 incolomis
767 5083 821 5130 rell.
955 5078 1000 5126 361
1025 5086 1091 5126 totus
1111 5079 1133 5126 P
1252 5082 1311 5128 terit
1330 5078 1384 5147 BL]
1402 5090 1467 5129 teret
1485 5082 1540 5128 rell.
1664 5080 1714 5130 362
1731 5078 1787 5148 ille]
1806 5083 1897 5132 isteL

268 5168 318 5218 333
337 5171 455 5218 beatedb
469 5167 524 5229 ΡΜ,
547 5170 657 5216 blateolis
671 5168 694 5214 ,ἵ
796 5166 846 5216 tot
865 5167 1039 5226 debeletasque
1054 5166 1077 5212 Ν
1180 5168 1229 5216 365
1248 5169 1316 5229 potio
1337 5166 1368 5213 Ρι
1473 5168 1621 5215 dediderunt
1639 5166 1686 5214 ΡΝ
1787 5166 1839 5216 366
1857 5170 1897 5217 ia·

266 5264 348 5304 ‘esset
369 5254 424 5304 m
537 5255 585 5303 :tot
606 5257 685 5302 biatea
706 5255 729 5301 Ν
838 5252 935 5302 36511
955 5251 1007 5298 Pl!
1109 5253 1159 5301 369
1178 5262 1277 5301 tonsum
1297 5251 1328 5299 Ρ1
1432 5251 1479 5300 371
1500 5255 1595 5300 touleas
1614 5250 1652 5300 1³2
1755 5254 1859 5302 obtullit
1877 5255 1902 5303 t>

267 5341 317 5391 :stt
336 5340 412 5409 terit]
431 5344 509 5389 nestit
528 5340 548 5388 L
652 5339 702 5388 373
723 5353 761 5388 atr
781 5338 853 5386 Puri
966 5338 1016 5387 375
1036 5338 1148 5398 paradysi
1168 5338 1197 5396 P,
1219 5340 1346 5400 paradyssi
1366 5338 1390 5384 n·
1500 5338 1550 5388 376
1569 5339 1641 5386 exsul
1661 5336 1714 5386 ΡΜ
1815 5341 1899 5399 elysio

267 5426 362 5495 tw}
380 5432 450 5487 elyso
469 5428 509 5489 ΡΙ,
529 5428 603 5475 elisio
623 5426 650 5477 1,,
673 5427 764 5475 beltsto
785 5425 830 5473 ,tls
952 5426 1027 5472 suelli
1045 5427 1079 5471 aie
1096 5425 1166 5473 codd.
1302 5424 1353 5473 379
1372 5437 1423 5472 1111
1444 5423 1516 5471 PBlll
1642 5422 1692 5473 380
1710 5439 1785 5487 agger
1802 5423 1897 5495 Pon]

266 5529 323 5575 am
342 5514 446 5563 taum
551 5509 1082 5578 381emissenusPb'12²]lossusBL¹llS
1186 5518 1269 5573 pastos
1290 5511 1363 5582 ΡῙΙ
1427 5509 1477 5560 351
1496 5518 1619 5572 comparat
1632 5507 1713 5577 Pus]
1730 5518 1832 5573 coparat
1846 5511 1902 5562 1111

265 5600 316 5650 ftstr
334 5603 437 5649 sumat·
451 5600 495 5668 111]
507 5604 604 5650 miletis
616 5603 678 5651 aed.⁴
694 5599 813 5647 seribend,
828 5609 924 5647 carecta
941 5599 1026 5658 lpida]
1045 5602 1088 5644 uut
1101 5601 1190 5646 carecti
1284 5596 1334 5646 385
1352 5593 1444 5663 imago]
1460 5598 1485 5644 in
1498 5611 1555 5656 agro
1568 5595 1600 5644 t¹
1697 5596 1747 5647 386
1765 5598 1899 5648 luxurians

266 5686 363 5737 mm
467 5688 516 5736 lbi
536 5691 644 5748 tenenda
664 5685 733 5735 tris
838 5687 914 5733 ratior
935 5681 1043 5749 nnus]
1063 5686 1123 5731 ratio
1144 5683 1207 5737 PlL.
1228 5685 1295 5731 radio
1312 5681 1359 5744 1³2,
1381 5691 1450 5744 gratu
1469 5691 1495 5732 et
1512 5683 1569 5731 Ven.
1595 5685 1677 5739 (ratior
1692 5687 1708 5732 i.
1724 5698 1745 5732 e.
1759 5686 1897 5748 probatior)
