4374 6186
896 404 1066 459 vernari
1085 404 1303 461 rossrvnffl

618 603 651 660 et
672 614 750 660 vase
772 594 804 659 iu
828 594 912 659 sicco
934 614 1110 679 generosus
1132 595 1275 661 nascitur
1296 595 1420 660 humor.

540 720 544 753 ι
617 697 714 763 currit
735 697 768 762 iu
792 717 962 763 ascensum
985 698 1040 779 qui
1062 717 1195 782 vergere
1217 699 1305 765 novit
1326 699 1370 764 ad
1391 698 1508 778 imum,

615 800 755 866 fluxibus
777 809 808 866 et
830 800 962 883 liquidis
983 801 1047 866 olei
1070 803 1151 885 petit
1172 803 1286 869 alveus
1308 802 1428 884 altum,

616 902 673 969 sod
696 924 790 987 quern
814 924 877 968 non
898 905 1010 988 genuit
1031 904 1124 970 radix
1145 905 1297 989 oleagina
1319 924 1430 971 sucum

615 1028 675 1073 nec
696 1007 780 1092 Syra
801 1008 883 1073 lsaca
904 1006 1013 1087 dedit,
1038 1008 1152 1074 merito
1174 1008 1300 1075 virtutis
1321 1008 1480 1074 adultum.

615 1110 729 1177 crescit
750 1117 783 1176 et
804 1107 847 1175 ad
870 1130 1046 1193 summum,
1072 1112 1182 1197 patulo
1204 1133 1269 1194 qua
1290 1112 1451 1178 clauditur
1472 1132 1543 1179 ore:

537 1237 561 1274 n,
614 1234 674 1279 noc
697 1221 864 1280 contentus
886 1214 955 1298 agit
977 1213 1097 1298 liquor,
1123 1222 1159 1280 ut
1180 1235 1238 1280 vas
1261 1216 1393 1301 expleat
1413 1214 1512 1280 illud:

614 1338 688 1382 narn
712 1318 874 1383 cumulata
896 1317 958 1383 olei
981 1338 1055 1382 mox
1077 1317 1189 1384 defluit
1210 1318 1297 1385 unda
1319 1339 1457 1404 superne

614 1442 674 1487 nec
697 1440 769 1486 sese
792 1442 873 1486 urna
895 1421 982 1506 capit
1009 1423 1109 1503 (muta
1130 1429 1180 1489 est
1201 1422 1382 1488 benedictio
1405 1421 1549 1493 dextrae}

615 1524 847 1608 exundansque
870 1544 980 1590 omnes
1002 1525 1092 1609 pueri
1115 1524 1289 1592 madefecit
1310 1527 1445 1592 amictus

614 1638 647 1696 et
669 1629 763 1713 digiti
785 1627 825 1694 de
848 1628 936 1695 fonte
958 1628 1069 1712 rigans
1092 1630 1234 1695 manavit
1255 1629 1386 1696 olivum.

530 1754 541 1793 r
614 1753 652 1798 ac
674 1739 842 1817 postquam
864 1732 991 1815 inrigue
1013 1730 1138 1798 fluviali
1160 1753 1246 1800 more
1268 1732 1422 1814 cucurrit,

614 1856 671 1902 vas
694 1837 825 1921 plenum
848 1834 923 1901 fidei
946 1835 1059 1901 merito
1081 1844 1226 1902 matrona
1247 1837 1378 1922 recepit.

700 1940 769 2005 Nec
790 1937 897 2004 minus
918 1937 993 2005 iude
1017 1939 1103 2005 subit
1124 1960 1230 2006 rerum
1253 1939 1422 2006 admiratio
1445 1939 1534 2005 facti.

612 2043 698 2109 idem
721 2063 780 2108 vas
802 2041 939 2108 vitreum
961 2041 1165 2109 benedictum
1188 2043 1296 2109 nobile
1319 2042 1476 2122 reddens,

613 2168 684 2213 curn
707 2166 787 2231 puer
807 2145 955 2213 incautus
978 2146 1140 2231 posuisset
1159 2146 1193 2212 in
1216 2167 1271 2213 ore
1292 2146 1472 2229 fenestrae,

547 2273 560 2309 n
613 2257 722 2336 utpote
745 2251 899 2316 carbaseo
922 2269 1080 2316 venerans
1102 2251 1261 2316 velamine
1284 2256 1421 2332 tectum,

612 2354 713 2419 lintea
734 2351 810 2418 dum
832 2352 966 2419 retrahit
986 2351 1146 2418 fluitantia
1167 2353 1294 2419 nescius
1316 2354 1413 2435 altor,

612 2459 706 2542 lapsa
727 2457 912 2542 pavimento
935 2457 1079 2541 ampulla
1102 2463 1167 2523 stat
1188 2477 1344 2523 marmore
1367 2464 1475 2537 tenso,

613 2560 671 2627 sed
693 2581 753 2626 neo
775 2579 855 2624 saxa
878 2559 995 2625 vitrum
1017 2559 1155 2644 perdunt
1176 2580 1235 2625 nec
1257 2581 1337 2626 vasa
1359 2560 1530 2644 liquorem:

612 2665 739 2749 integra
762 2671 908 2730 servatur
929 2663 1069 2728 volitans
1091 2663 1183 2747 quasi
1205 2664 1329 2748 pensile
1351 2665 1462 2749 pluma

528 2820 532 2827 ι
611 2774 668 2834 aut
690 2768 844 2832 subvecta
865 2766 950 2832 levis
971 2767 1110 2851 geminis
1133 2766 1344 2833 descenderet
1365 2767 1444 2847 alis,

611 2872 764 2954 nulleque
786 2870 867 2935 rima
889 2876 978 2955 patet
999 2890 1060 2936 nec
1081 2869 1168 2936 facta
1190 2871 1223 2935 in
1246 2890 1323 2935 vase
1346 2870 1487 2936 cicatrix.

610 2975 658 3041 sic
681 2974 784 3058 liquor
805 2972 937 3039 interior
958 2972 1037 3040 facit
1057 2974 1217 3040 exteriora
1237 2974 1319 3040 tueri

610 3086 643 3146 et
664 3098 758 3162 quem
781 3075 878 3144 tutari
899 3076 1007 3143 decuit
1028 3097 1088 3143 sna
1109 3077 1253 3161 tegmina
1274 3077 1371 3143 texit:

609 3202 650 3249 ne
673 3181 757 3247 vitra
779 3180 973 3265 depereant,
1000 3180 1063 3246 olei
1086 3181 1232 3246 custodia
1254 3187 1362 3247 servat

610 3285 817 3366 inclususque
840 3284 954 3349 humor
975 3283 1137 3369 proprium
1160 3282 1305 3351 defendit
1328 3283 1478 3351 amictum

609 3410 648 3455 ac
670 3388 817 3473 fragmen
839 3387 956 3472 fragile
979 3387 1090 3454 statuit
1111 3387 1293 3455 benedictio
1316 3388 1408 3455 forte.

377 3620 473 3680 supe.
492 3617 554 3667 eras.
577 3617 629 3666 111.

272 3759 379 3806 bsurdbus
396 3755 554 3806 obstruendis
572 3755 649 3803 libera
666 3755 832 3815 relinquatur.
874 3756 905 3813 (3)
933 3754 1074 3800 testabatur
1098 3754 1226 3815 presbyter
1252 3754 1344 3802 vidisse
1368 3768 1395 3802 se
1418 3753 1501 3803 oleum
1528 3755 1574 3802 sub
1596 3752 1699 3802 Martini
1723 3752 1909 3802 benedictione

272 3847 394 3903 eres-isse,
416 3843 498 3906 questi
515 3842 663 3890 exundante
681 3840 751 3902 copia
769 3852 878 3901 superne
896 3839 1025 3886 difflueret
1045 3839 1084 3900 (V,
1107 3839 1277 3888 deflueret
1295 3840 1367 3901 eid'l:
1389 3839 1540 3904 eademque,
1561 3840 1621 3888 dum
1637 3838 1670 3888 ad
1687 3839 1909 3888 matremfamilias

272 3933 400 3980 ramulum
418 3932 567 3989 referretur,
589 3929 713 3977 ferbuisse
732 3926 839 3975 virtute:
873 3926 906 3989 (si
928 3939 985 3973 nam
1005 3928 1073 3974 inter
1091 3940 1179 3974 mauris
1196 3928 1268 3988 pueri
1286 3929 1411 3989 portantis
1429 3929 1465 3976 its
1482 3941 1581 3990 semper
1597 3925 1740 3975 exundasse
1757 3924 1857 3984 eleum,
1877 3929 1909 3973 ut

271 4033 345 4068 osone
364 4018 433 4066 lilius
451 4018 630 4065 vestimentum
650 4015 722 4075 eopia
740 4014 869 4073 superfusi
888 4013 991 4073 liquoris
1010 4014 1133 4073 operiret:
1162 4019 1298 4062 matronam
1323 4015 1358 4062 ita
1380 4028 1460 4075 usque
1484 4014 1514 4062 sd
1536 4026 1663 4062 summum
1680 4013 1778 4061 labrum
1795 4011 1906 4073 plenum

271 4106 400 4154 vasculum
424 4104 562 4166 recepisse.
589 4107 619 4150 ut
642 4102 772 4164 presbyter
796 4099 921 4161 hodieque
945 4100 1066 4161 fateatur,
1094 4099 1203 4148 obdendi
1228 4101 1336 4162 pessuli,
1363 4113 1411 4162 qno
1431 4099 1514 4149 claudi
1532 4099 1682 4160 diligentius
1699 4097 1823 4147 serssuds
1842 4111 1906 4147 eon·

271 4199 387 4240 suerunt.
409 4191 435 4237 lu
455 4192 519 4236 nitro
537 4188 582 4236 llio
602 4187 712 4249 spatium
730 4199 779 4235 uon
799 4187 885 4234 fuisse.

340 4280 365 4327 3.
387 4280 403 4326 t
422 4276 514 4323 Mirum
532 4282 558 4322 et
576 4273 653 4329 illud.
675 4273 740 4335 quod
759 4273 819 4321 bule
835 4297 871 4308 —
889 4286 929 4320 me
948 4279 1032 4321 autem
1050 4273 1198 4321 intuebatur
1212 4298 1248 4309 —
1266 4274 1369 4322 memini
1388 4273 1530 4333 contineas.
1567 4285 1611 4320 vas
1628 4272 1739 4320 vitreum
1755 4283 1816 4318 eum
1834 4270 1904 4330 oleo,

270 4364 336 4426 quod
355 4363 480 4410 ,iiartinus
498 4361 674 4422 benedixerat,
695 4361 722 4408 in
742 4360 852 4407 fenestra
870 4359 1001 4421 paululum
1019 4359 1126 4408 editiore
1148 4360 1178 4420 (e.
1199 4372 1247 4407 om.
1268 4360 1298 4420 VJ
1321 4360 1449 4422 deposuit:
1477 4372 1540 4420 puer
1557 4357 1691 4408 familiaris
1706 4357 1833 4407 incautior
1851 4355 1905 4405 liu·

270 4462 338 4500 teum
358 4449 555 4512 superpositum,
576 4447 711 4509 ampullam
732 4445 904 4506 {ampullulam
924 4446 954 4505 Α)
977 4446 1012 4493 ibi
1032 4459 1087 4493 esse
1105 4447 1236 4506 ignoraus,
1256 4445 1366 4495 adtraxit
1387 4446 1548 4506 (ibrtunetsss
1565 4457 1618 4494 ιιοιι
1633 4447 1689 4506 post
1705 4441 1838 4504 deposuit,
1860 4441 1906 4492 ssd

270 4543 323 4598 pest
343 4538 467 4585 incautior
484 4535 633 4582 sententium
650 4532 776 4591 distinxit,
803 4532 915 4579 adtraxit
933 4531 962 4578 ric
980 4534 1056 4580 uitem
1073 4546 1149 4593 puero
1167 4534 1307 4593 ianuarii.
1347 4546 1389 4580 sss
1414 4546 1491 4594 super
1512 4535 1665 4580 ecnmratnm
1688 4541 1809 4578 mamere
1826 4530 1904 4592 pavl-

271 4630 384 4672 meutum
401 4621 507 4670 decidit.
544 4621 644 4667 cunetis
662 4624 730 4666 metu
750 4619 880 4666 exterritis
898 4617 1097 4667 herradis-tionem
1116 4619 1157 4666 del
1175 4619 1270 4680 perisse
1298 4620 1329 4679 (b.
1350 4618 1421 4678 dp.
1443 4617 1468 4676 V,
1496 4631 1528 4665 ne
1546 4616 1688 4666 benedictio
1706 4614 1905 4675 deperisset

272 4710 342 4759 AF.
371 4708 482 4769 ampulla
517 4705 655 4767 ampullula
673 4705 727 4763 ΑΡ)
755 4704 860 4767 perinde
885 4705 1016 4752 iricoluusis
1040 4711 1079 4752 est
1101 4711 1214 4768 reperta,
1247 4720 1275 4753 sc
1300 4707 1322 4754 si
1345 4718 1420 4766 super
1443 4705 1542 4765 plumas
1564 4702 1728 4751 mollissimas
1749 4699 1903 4751 decidisset.

280 4800 297 4842 6
326 4808 392 4857 quae
414 4807 454 4842 res
479 4807 529 4842 non
553 4794 639 4854 potius
663 4792 692 4840 sd
718 4805 802 4840 rasum
828 4805 902 4852 quam
928 4791 958 4839 ad
977 4790 1078 4839 Martini
1104 4796 1144 4839 est
1167 4790 1297 4839 referenda
1320 4793 1453 4852 virtutem,
1480 4789 1553 4838 cuius
1575 4787 1719 4837 medicato
1739 4786 1823 4849 perire
1848 4800 1903 4837 ιιοιι

269 4883 362 4944 ptuit.

336 5210 371 5257 eo
394 5224 442 5256 aa
463 5209 494 5255 re
633 5206 675 5256 ea.
696 5208 729 5256 sa
754 5212 838 5254 aanor
857 5207 914 5267 rr,
944 5221 993 5255 on..
1016 5205 1109 5253 saus
1247 5206 1279 5254 or
1306 5206 1395 5268 quor,
1533 5202 1661 5251 erenum
1678 5203 1714 5263 r,
1742 5201 1860 5251 uuum
1879 5203 1907 5252 a·

267 5298 301 5345 so
319 5297 444 5344 ‹amalasa
464 5294 511 5341 PX
630 5295 722 5342 <latuit
741 5293 771 5339 Pi
785 5309 846 5341 sorr.
866 5292 896 5338 Ρι
1025 5292 1057 5339 tii
1077 5306 1122 5340 uer
1142 5305 1197 5340 sese
1219 5289 1261 5359 1²¹]
1278 5307 1357 5340 anslec
1375 5306 1431 5340 sese
1450 5287 1519 5349 are,
1538 5303 1567 5338 ac
1584 5303 1631 5338 nec
1647 5303 1675 5337 se
1692 5288 1722 5350 t,
1742 5301 1776 5336 ιιι
1793 5301 1905 5339 measse

266 5399 294 5432 se
313 5382 383 5431 BIS
486 5381 520 5427 id
538 5379 663 5440 irrigueS
767 5378 796 5427 il
819 5380 907 5440 recipit
927 5378 949 5425 P
1052 5378 1083 5426 72
1103 5392 1134 5425 ru
1155 5377 1206 5435 ΡΝ,
1227 5391 1253 5425 ιι
1274 5378 1300 5424 .lf
1402 5392 1450 5424 sas
1469 5389 1582 5424 ossuum
1601 5375 1626 5424 N
1726 5387 1818 5424 renum
1837 5374 1868 5424 Ν

267 5472 327 5517 facti
346 5465 380 5535 P]
406 5469 465 5516 fasti
491 5465 532 5517 tff.
561 5469 620 5515 facit
644 5466 724 5517 XBS.
752 5468 814 5514 facit
841 5466 881 5515 Li.
911 5467 970 5513 feeit
992 5465 1030 5517 il.
1061 5466 1120 5523 fort.
1142 5467 1221 5513 saneti
1361 5464 1393 5512 ti
1419 5466 1530 5512 fenetrse
1551 5463 1574 5509 Ν
1711 5461 1744 5510 ἶδ
1767 5463 1906 5525 ufptsbsss

266 5556 300 5604 rt
317 5557 402 5603 lesam
420 5554 443 5601 P
579 5555 723 5602 duuitantia
744 5552 813 5600 §.us
952 5552 982 5599 t:
1006 5554 1117 5615 ampulla
1137 5548 1168 5618 L]
1196 5553 1313 5612 anrpusla
1335 5551 1368 5602 Ρ,
1397 5549 1534 5612 ampullula
1553 5548 1648 5598 ⁴VBM?
1783 5554 1862 5599 iaus
1879 5548 1905 5599 Β

266 5643 300 5692 iti
316 5644 421 5705 penseie
436 5638 497 5689 51²³
600 5642 634 5691 Sd
652 5641 816 5689 descenderes
831 5639 887 5706 Νι]
905 5640 1064 5690 discenderet
1079 5641 1106 5693 P.
1128 5640 1290 5687 descenderat
1305 5639 1375 5685 BifS
1480 5638 1509 5688 si
1530 5639 1593 5687 riusa
1609 5650 1658 5685 οιιι.
1673 5635 1697 5684 P
1799 5633 1834 5686 8³
1853 5636 1905 5687 de·

265 5732 321 5777 tuis
343 5727 373 5775 Pl
479 5727 510 5776 Si
530 5739 577 5776 nee
596 5728 619 5774 S
721 5730 786 5776 oleio
805 5728 836 5779 X.
857 5729 921 5776 misti
941 5728 966 5775 Si
