4374 6186
976 415 1205 471 saoosnrrn.
1843 418 1905 484 Vll

273 643 386 728 bytero
409 642 440 707 in
464 641 603 708 archivis
626 642 783 708 ecclesiae
807 640 1019 706 Pictaviensis
1042 648 1199 726 repertam
1223 639 1327 705 denuo
1350 641 1550 706 recensuisse
1570 641 1788 724 Miraculaquc
1810 641 1904 709 addi·

273 764 370 829 disse.
418 763 593 828 Tillemont
615 770 733 843 autem,
764 762 874 826 ‘Mem
901 781 980 846 pour
1002 761 1104 827 servir
1127 765 1146 825 A
1169 760 1324 828 l’histoire
1347 762 1480 827 eccles'
1509 765 1613 842 11766)
1640 762 1711 842 VII,
1739 765 1801 828 746
1824 763 1903 828 For-

272 891 418 950 tunatam
441 882 601 966 quendam
624 889 718 967 poeta
741 882 837 967 paulo
859 882 1081 963 vetustiorem,
1114 900 1208 963 quem
1230 888 1305 947 ante
1329 881 1362 946 S.
1389 881 1584 947 Germanum
1606 881 1820 948 Parisiensem
1844 881 1903 947 de·

274 1003 410 1070 cessisse
432 1002 543 1085 voluit,
570 1002 731 1068 eMolano
752 1002 793 1085 (d.
816 1005 866 1067 18.
885 1002 968 1082 Ian.)
997 1008 1120 1068 erutam
1136 1001 1228 1066 Vitae
1253 1001 1437 1086 scriptorem
1460 1001 1582 1081 babuit,
1609 1001 1659 1066 cui
1683 1003 1779 1067 etiam
1795 1002 1900 1068 Vitam

274 1123 307 1189 S.
333 1123 477 1190 Marcelli
505 1123 659 1188 attribuit.
706 1123 848 1201 Quocum
879 1130 1026 1188 auctores
1049 1122 1208 1188 Historiae
1232 1120 1293 1187 litt.
1318 1122 1522 1205 Francogall.
1548 1123 1573 1199 Ι,
1602 1125 1660 1186 301
1687 1121 1754 1187 fere
1785 1142 1903 1189 conve-

273 1250 399 1309 nerunt.
439 1243 505 1309 Sed
527 1264 598 1309 cum
622 1243 729 1308 Vitam
745 1242 889 1308 Marcelli
912 1249 1034 1308 constet
1056 1262 1128 1308 esse
1150 1242 1317 1306 Fortunati
1339 1249 1464 1326 poetae,
1490 1242 1547 1307 ille
1569 1241 1766 1307 Tillemontii
1787 1243 1904 1308 Fortu-

273 1372 367 1430 natas
390 1364 442 1429 hic
464 1364 568 1429 locum
590 1383 654 1429 non
676 1364 783 1430 habet.
830 1362 879 1428 De
903 1382 1047 1428 sermone
1071 1368 1179 1428 autem
1202 1363 1349 1446 egregios
1364 1362 1526 1427 Maurinos
1548 1368 1648 1428 testes
1666 1363 1808 1448 proferre
1824 1364 1904 1430 libet

278 1484 387 1569 (Miqme
409 1484 476 1568 IX,
505 1485 595 1566 lsai:
630 1484 751 1547 Addere
770 1486 916 1566 patrasset
943 1482 1129 1565 (Bollandus
1153 1482 1235 1564 soil.)
1264 1493 1290 1546 ct
1310 1487 1458 1565 proprios
1480 1485 1630 1566 quosdam
1661 1488 1797 1548 Verroutir'
1818 1487 1902 1549 locu-

274 1609 367 1668 tiones
389 1608 421 1668 ia
444 1625 476 1667 eo
499 1625 588 1688 opere
612 1607 741 1668 indidem
764 1605 957 1686 deprehendi.
1006 1602 1160 1668 Similiter
1181 1602 1214 1667 in
1237 1603 1275 1667 V.
1294 1603 1328 1668 S.
1356 1603 1508 1668 Germani
1519 1603 1737 1669 ‚Fortunatam
1761 1605 1902 1671 locutum

273 1743 355 1804 esse,
382 1724 432 1789 illi
453 1725 518 1790 iam
540 1731 781 1810 perspexerunt.

360 1861 410 1928 De
443 1870 585 1947 tempore
620 1882 681 1945 quo
711 1862 904 1927 Fortunatus
935 1861 975 1927 de
1006 1861 1040 1926 S.
1066 1860 1189 1926 Hilario
1224 1861 1386 1946 scripserit
1419 1881 1523 1947 pauca
1557 1868 1631 1927 6661
1658 1881 1740 1944 quae
1770 1861 1900 1928 addam.

275 1983 367 2061 Quod
389 1984 477 2050 haud
500 1983 599 2048 multo
621 1989 790 2068 postquam
812 2001 843 2046 6.
871 1984 932 2045 565
956 1980 989 2045 16
1013 1981 1139 2046 Gallias
1163 1981 1251 2046 venit
1274 1982 1393 2048 factam
1418 2002 1508 2063 esse,
1535 2001 1573 2047 eo
1594 1981 1795 2064 intellegitur
1816 1983 1903 2065 quod

275 2104 464 2170 Pascentius
494 2105 545 2169 cai
575 2111 707 2186 aterque
737 2101 818 2167 liber
849 2100 973 2167 dicatus
996 2108 1046 2167 est
1069 2101 1229 2185 Sigiberto
1253 2123 1329 2186 rege
1352 2102 1424 2166 rivo
1448 2100 1533 2168 diem
1557 2102 1645 2167 obiit.
1693 2102 1796 2167 Huius
1818 2103 1902 2168 enim

274 2231 417 2308 tempore
447 2224 513 2290 ium
542 2224 712 2289 Maroneus
741 2221 952 2288 Pictaviensis
983 2223 1152 2306 epIscopas
1180 2228 1265 2301 erat3
1299 2222 1339 2287 61.
1368 2222 1479 2306 Greg,
1505 2222 1547 2286 H.
1565 2222 1619 2286 Fr.
1644 2222 1702 2301 IX,
1723 2226 1776 2287 lo.
1824 2223 1904 2289 Cum

275 2352 382 2409 autem
413 2344 592 2428 Sigibertus
623 2364 654 2409 a.
680 2346 741 2407 575
772 2348 914 2407 mortuus
945 2343 1002 2422 sit,
1035 2343 1119 2408 inter
1148 2363 1178 2406 6.
1206 2346 1267 2406 565
1291 2345 1408 2408 61575
1432 2342 1626 2408 Fortunatas
1655 2342 1819 2427 scripserit
1847 2363 1904 2408 ne·

276 2483 367 2530 cesse
390 2471 449 2530 est.
489 2464 560 2528 Huc
583 2462 717 2542 accedit,
744 2461 829 2545 quod
851 2462 1028 2527 Probianus
1052 2482 1141 2547 puer,
1168 2462 1222 2546 qai
1244 2482 1302 2547 per
1325 2461 1358 2527 S.
1377 2462 1535 2529 Hilarium
1553 2463 1669 2528 bonam
1686 2460 1903 2529 valetudinem

276 2584 485 2670 recuperavit,
512 2604 583 2649 eam
599 2584 793 2649 Fortunatus
815 2582 933 2648 libram
955 2581 996 2648 de
1019 2583 1190 2648 virtutibus
1211 2582 1326 2665 (61111
1354 2582 1523 2662 contexuit,
1551 2585 1647 2649 etiam
1670 2591 1738 2649 tum
1761 2581 1901 2650 virebat.

278 2709 350 2786 Qui,
382 2704 501 2787 inquit,
539 2705 706 2767 Probianus
736 2706 869 2766 civitatis
899 2707 1015 2785 apicem
1042 2707 1154 2766 mersat
1184 2704 1316 2766 obtinere
1335 2707 1484 2786 pontificis
1508 2717 1535 2770 61
1557 2726 1651 2790 usque
1674 2709 1703 2768 ia
1727 2706 1905 2770 bodiermum

275 2827 352 2888 aliem
384 2827 425 2888 ad
455 2827 621 2888 lrrnriuuriu
651 2828 701 2887 arri
728 2825 836 2886 medici
864 2825 993 2907 61666116
1023 2825 1113 2886 aunis
1143 2827 1222 2887 vitae
1245 2825 1360 2887 clabitur
1382 2826 1497 2888 1616616
1522 2828 1671 2890 dissoluit.
1719 2826 1839 2908 locst,
1871 2834 1907 2893 ut

276 2944 459 3010 Bouchetus
481 2943 603 3029 primus
626 2942 715 3021 sidit,
743 2943 922 3007 Probianus
946 2942 1157 3026 Biturigensis
1180 2945 1361 3028 episcopus,
1389 2945 1443 3027 qui
1466 2945 1609 3011 conciliis
1624 2946 1859 3012 Parisiensibas
1873 2946 1905 3011 Il

276 3084 306 3128 a.
333 3067 395 3128 552
419 3070 451 3130 61
472 3063 521 3128 ΙΙΙ
545 3084 576 3128 6.
603 3068 664 3127 557
695 3062 850 3129 interfuit.
898 3063 978 3129 Cum
1009 3071 1122 3145 quarto
1153 3063 1288 3129 concilio
1318 3085 1349 3129 a.
1376 3067 1439 3129 573
1470 3073 1541 3131 6616
1569 3065 1634 3131 iarn
1663 3065 1757 3132 Felix
1786 3066 1905 3133 Bituri-

275 3183 384 3267 gensis
408 3183 644 3267 subscripserit,
671 3191 767 3249 antea
791 3183 823 3249 S.
851 3182 966 3248 Hilarii
989 3183 1125 3249 virtutes
1148 3184 1356 3249 Fortunatam
1381 3184 1591 3269 descripsisse
1614 3192 1734 3252 certam
1759 3193 1818 3253 est.

359 3320 393 3385 S.
418 3320 535 3385 Hilarii
557 3321 638 3386 Acta
665 3319 698 3384 in
729 3320 917 3404 legendario
947 3320 1015 3386 fere
1044 3321 1133 3386 nullo
1164 3321 1398 3388 desiderantur.
1447 3323 1559 3406 Itaque
1589 3323 1716 3390 codices
1747 3333 1821 3390 6661
1850 3325 1901 3392 in·

270 3440 406 3522 numeri,
433 3439 491 3505 sed
512 3441 608 3525 pauci
630 3441 684 3525 qui
707 3440 871 3506 saeculum
896 3440 1052 3505 decimum
1076 3449 1241 3526 superant.
1291 3442 1369 3507 Mihi
1389 3443 1520 3526 quidem
1544 3453 1673 3529 praesto
1697 3445 1826 3511 faerunt
1847 3445 1895 3510 hi:

272 3578 301 3643 G
429 3577 538 3643 Codex
555 3577 777 3660 Sangallensis
791 3598 841 3641 nr.
860 3581 933 3659 567,
961 3597 1046 3643 6666.
1065 3577 1123 3658 IX,
1151 3578 1205 3643 161.
1230 3582 1406 3644 rra-128.
1452 3581 1595 3647 Contulit
1609 3582 1733 3648 Jacobi.
1774 3583 1900 3667 Exque

477 3680 568 3745 fluxit

272 3785 303 3848 H
426 3782 1468 3871 06616636666116661666577,6666111111,161.137-155.
1518 3787 1661 3872 Inspexit
1682 3788 1806 3854 Jacobi.
1850 3788 1899 3853 Ex

477 3886 538 3950 boo
560 3885 739 3970 descriptus
763 3893 812 3952 est

273 3990 299 4053 B
429 3988 538 4054 Codex
561 3988 780 4054 Bruxellensis
803 4011 851 4054 nr.
878 3991 972 4070 7668,
1001 4010 1085 4056 6666.
1112 3991 1152 4071 Χ,
1180 3990 1236 4057 161.
1263 3989 1435 4057 98-196.
1483 3993 1624 4060 Contulit
1645 3995 1696 4058 W.
1722 3995 1834 4062 Arndt.

270 4093 298 4160 V
429 4092 539 4159 Codex
555 4092 729 4158 Vaticanus
745 4113 792 4157 nr.
811 4095 904 4174 1197,
926 4092 1084 4175 6666111,
1104 4093 1161 4159 161.
1179 4098 1250 4175 195,
1269 4095 1385 4162 litteris
1401 4095 1653 4180 langobardicis
1669 4097 1815 4183 scriptus,
1834 4098 1898 4164 iam

478 4195 610 4260 mutilus
633 4205 691 4277 661,
718 4215 789 4260 cum
812 4196 1021 4279 quaternioO
1044 4218 1077 4282 p.
1097 4200 1127 4276 8,
1147 4209 1179 4258 30
1202 4198 1237 4263 in
1252 4202 1382 4283 crapulis
1398 4206 1489 4263 armis
1506 4198 1643 4266 desinat.
1684 4201 1790 4267 Etiam
1806 4202 1899 4269 Vitae

478 4319 561 4382 quae
585 4300 729 4381 sequitur
751 4299 783 4364 S.
804 4299 988 4366 Sebastiani
1010 4300 1135 4366 initium
1159 4302 1264 4386 periit.
1309 4301 1427 4387 Incipit
1449 4302 1549 4368 enim:
1576 4308 1765 4368 consentiunt
1787 4315 1815 4369 et
1835 4327 1900 4370 me-

478 4412 580 4484 16661,
613 4422 650 4465 ue
679 4405 1154 4487 616611666666666666166161.
1201 4405 1357 4489 Prologus
1386 4406 1460 4472 libri
1492 4406 1533 4472 de
1562 4406 1734 4473 vlrtutibus
1763 4407 1827 4473 iam
1858 4429 1899 4475 ex

477 4504 664 4590 exemplari,
693 4506 778 4572 unde
801 4506 829 4569 V
851 4506 954 4586 fluxit,
980 4506 1048 4573 fere
1072 4515 1156 4574 totas
1180 4508 1354 4575 exciderat.
1402 4509 1545 4576 Contulit
1567 4509 1645 4576 Leo.

273 4612 301 4676 A
426 4609 536 4676 Codex
554 4608 728 4673 Vaticanus
749 4629 798 4674 nr.
826 4612 917 4690 1193,
945 4629 1030 4676 6666.
1053 4611 1143 4690 XIII,
1172 4610 1228 4676 161.
1250 4617 1263 4675 1
1289 4611 1497 4697 praecedenti
1520 4613 1694 4698 persimilis
1717 4613 1775 4679 sed
1798 4616 1898 4682 multo

478 4712 616 4777 deterior
638 4719 697 4777 661.
737 4712 837 4778 Primi
858 4713 1012 4780 ternionis
1031 4715 1134 4780 altera
1149 4733 1225 4799 pars
1240 4713 1450 4795 desideratur,
1477 4716 1524 4781 116
1539 4722 1574 4780 61
1589 4722 1695 4781 textus
1710 4738 1730 4782 a
1745 4737 1778 4802 6.
1797 4722 1827 4800 5,
1849 4730 1892 4785 14:

476 4817 597 4879 bestiali
614 4837 719 4900 66666
742 4815 839 4900 adp.
864 4818 893 4899 8,
917 4829 964 4880 35;
992 4819 1163 4882 ciuitatem
1191 4818 1283 4899 (inter
1304 4817 1359 4884 fol.
1385 4822 1403 4883 3
1423 4822 1504 4902 614)
1532 4818 1608 4886 hiet.
1656 4818 1798 4887 Contulit
1819 4821 1896 4889 Leo·

479 4919 538 4985 Cui
561 4919 811 5001 Gemetioensis,
846 4940 908 5003 qao
931 4921 1070 4986 Maurini
1094 4921 1144 4987 usi
1168 4929 1254 5004 6661,
1288 4921 1397 4988 611616
1420 4930 1486 4989 est:
1519 4930 1653 5005 aterque
1676 4944 1709 5008 p.
1736 4926 1767 5007 9,
1787 4936 1820 4988 39
1842 4946 1899 5011 pro

478 5025 657 5086 Halaricum
680 5061 723 5070 -
746 5026 912 5105 Hilarium,
938 5045 970 5109 p.
989 5026 1020 5104 9,
1040 5036 1073 5085 40
1096 5045 1154 5109 pro
1177 5027 1279 5089 radice
1301 5063 1344 5072 —
1366 5028 1494 5090 rediisse
1517 5026 1659 5110 praebet.

358 5140 395 5205 In
419 5140 508 5206 GHA
539 5142 654 5207 librum
685 5141 726 5208 de
748 5143 919 5209 virtutibus
942 5143 975 5209 S.
1002 5143 1117 5209 Hilarii
1140 5144 1278 5230 epistola
1300 5145 1343 5210 ad
1364 5146 1484 5211 Abram
1507 5144 1606 5211 filiam
1630 5165 1721 5212 suam
1745 5147 1822 5214 data
1845 5168 1897 5216 se-

272 5259 388 5343 quitur.
436 5260 498 5338 Qui
521 5271 698 5345 sequuntur
720 5263 902 5348 interpolati
925 5264 1145 5330 auctoritatem
1168 5264 1291 5330 nullam
1314 5265 1445 5332 habent.

272 5381 304 5444 X
434 5381 544 5448 Codex
567 5383 787 5449 Bruxeliensis
810 5405 857 5448 nr.
885 5387 978 5462 73112,
1005 5404 1092 5450 6666.
1111 5385 1152 5449 Χ.
1200 5385 1308 5452 Pauca
1331 5387 1382 5451 W.
1408 5386 1511 5452 Arndt
1533 5387 1711 5473 exscripsit.
1761 5387 1894 5475 Incipit:

479 5488 625 5570 Prologus
652 5507 693 5549 eac
718 5491 809 5571 pestis
836 5491 936 5551 666611
957 5490 1074 5551 lldarii
1098 5492 1294 5554 Pictavieasis
1321 5494 1466 5573 episcopi,
1497 5494 1552 5573 qui
1577 5501 1621 5554 ert
1647 5493 1717 5555 idus
1740 5495 1895 5557 Ianuarii.

477 5588 627 5672 Sequitur
648 5589 797 5674 prologus
819 5590 904 5655 alius
923 5596 1019 5674 atque
1033 5590 1068 5655 in
1083 5590 1271 5658 melioribus
1286 5592 1387 5671 libris,
1413 5591 1499 5658 idem
1516 5592 1615 5658 multo
1631 5594 1766 5660 brevior.
1808 5595 1897 5661 Eun·

477 5690 549 5757 dem
572 5693 706 5777 praebet
