<?xml version="1.0" encoding="UTF-8"?>
<!DOCTYPE html PUBLIC "-//W3C//DTD XHTML 1.0 Transitional//EN"
    "http://www.w3.org/TR/xhtml1/DTD/xhtml1-transitional.dtd">
<html xmlns="http://www.w3.org/1999/xhtml" xml:lang="en" lang="en">
 <head>
  <title>
</title>
<meta http-equiv="Content-Type" content="text/html;charset=utf-8" />
  <meta name='ocr-system' content='tesseract 3.04.00' />
  <meta name='ocr-capabilities' content='ocr_page ocr_carea ocr_par ocr_line ocrx_word'/>
</head>
<body>
  <div class='ocr_page' id='page_1' title='image "./venantihonoricl00unkngoog_0485.png"; bbox 0 0 4374 6186; ppageno 0'>
   <div class='ocr_carea' id='block_1_1' title="bbox 1051 415 1280 474">
    <p class='ocr_par' dir='ltr' id='par_1_1' title="bbox 1051 415 1280 474">
     <span class='ocr_line' id='line_1_1' title="bbox 1051 415 1280 474; baseline 0.004 -1"><span class='ocrx_word' id='word_1_1' title='bbox 1051 415 1280 474; x_wconf 84' lang='lat' dir='ltr'><strong>PROOEMIVM.</strong></span> 
     </span>
    </p>
   </div>
   <div class='ocr_carea' id='block_1_2' title="bbox 558 640 1982 935">
    <p class='ocr_par' dir='ltr' id='par_1_2' title="bbox 558 640 1982 935">
     <span class='ocr_line' id='line_1_2' title="bbox 558 640 1982 728; baseline 0.004 -26"><span class='ocrx_word' id='word_1_2' title='bbox 558 640 656 703; x_wconf 77' lang='lat' dir='ltr'><em>codem</em></span> <span class='ocrx_word' id='word_1_3' title='bbox 682 643 787 704; x_wconf 79' lang='lat' dir='ltr'><strong><em>Tolosa</em></strong></span> <span class='ocrx_word' id='word_1_4' title='bbox 810 645 842 704; x_wconf 89' lang='lat' dir='ltr'><em>ia</em></span> <span class='ocrx_word' id='word_1_5' title='bbox 864 643 944 706; x_wconf 84' lang='lat' dir='ltr'><em>tanc</em></span> <span class='ocrx_word' id='word_1_6' title='bbox 965 644 1070 706; x_wconf 87' lang='lat' dir='ltr'><em>arbem</em></span> <span class='ocrx_word' id='word_1_7' title='bbox 1097 642 1279 728; x_wconf 80' lang='lat' dir='ltr'><strong>(Biturigas)</strong></span> <span class='ocrx_word' id='word_1_8' title='bbox 1308 644 1427 708; x_wconf 89' lang='lat' dir='ltr'><em>delatas</em></span> <span class='ocrx_word' id='word_1_9' title='bbox 1450 647 1585 708; x_wconf 90' lang='lat' dir='ltr'><em>venitin</em></span> <span class='ocrx_word' id='word_1_10' title='bbox 1608 665 1720 708; x_wconf 90' lang='lat' dir='ltr'><em>manas</em></span> <span class='ocrx_word' id='word_1_11' title='bbox 1742 665 1825 709; x_wconf 90' lang='lat' dir='ltr'><em>meas</em></span> <span class='ocrx_word' id='word_1_12' title='bbox 1847 646 1982 728; x_wconf 83' lang='lat' dir='ltr'><em>beneficio</em></span> 
     </span>
     <span class='ocr_line' id='line_1_3' title="bbox 565 745 1982 831; baseline 0.006 -25"><span class='ocrx_word' id='word_1_13' title='bbox 565 746 595 806; x_wconf 90' lang='lat' dir='ltr'><em>V.</em></span> <span class='ocrx_word' id='word_1_14' title='bbox 617 745 650 808; x_wconf 84' lang='lat' dir='ltr'><em>G.</em></span> <span class='ocrx_word' id='word_1_15' title='bbox 670 746 792 809; x_wconf 77' lang='lat' dir='ltr'><em>Claudii</em></span> <span class='ocrx_word' id='word_1_16' title='bbox 806 747 884 827; x_wconf 86' lang='lat' dir='ltr'><em>lolii,</em></span> <span class='ocrx_word' id='word_1_17' title='bbox 914 749 1064 811; x_wconf 80' lang='lat' dir='ltr'><em>Ecclesiae</em></span> <span class='ocrx_word' id='word_1_18' title='bbox 1082 751 1305 812; x_wconf 88' lang='lat' dir='ltr'><em>Parisiacensis</em></span> <span class='ocrx_word' id='word_1_19' title='bbox 1323 750 1477 829; x_wconf 81' lang='lat' dir='ltr'><em>Canonici,</em></span> <span class='ocrx_word' id='word_1_20' title='bbox 1505 750 1674 812; x_wconf 82' lang='lat' dir='ltr'><em>auditione</em></span> <span class='ocrx_word' id='word_1_21' title='bbox 1694 757 1782 831; x_wconf 89' lang='lat' dir='ltr'><em>alque</em></span> <span class='ocrx_word' id='word_1_22' title='bbox 1802 753 1832 812; x_wconf 89' lang='lat' dir='ltr'><em>ia</em></span> <span class='ocrx_word' id='word_1_23' title='bbox 1848 752 1982 815; x_wconf 86' lang='lat' dir='ltr'><em>eruditos</em></span> 
     </span>
     <span class='ocr_line' id='line_1_4' title="bbox 559 848 1862 935; baseline 0.006 -26"><span class='ocrx_word' id='word_1_24' title='bbox 559 867 661 911; x_wconf 88' lang='lat' dir='ltr'><em>omnes</em></span> <span class='ocrx_word' id='word_1_25' title='bbox 683 848 872 913; x_wconf 78' lang='lat' dir='ltr'><em>humanitate</em></span> <span class='ocrx_word' id='word_1_26' title='bbox 891 854 1165 933; x_wconf 83' lang='lat' dir='ltr'><em>praestantissimi.</em></span> <span class='ocrx_word' id='word_1_27' title='bbox 1212 850 1462 935; x_wconf 85' lang='lat' dir='ltr'><em>Moyssiacensis</em></span> <span class='ocrx_word' id='word_1_28' title='bbox 1485 870 1611 934; x_wconf 89' lang='lat' dir='ltr'><em>quaque</em></span> <span class='ocrx_word' id='word_1_29' title='bbox 1634 850 1760 935; x_wconf 82' lang='lat' dir='ltr'><em>integer</em></span> <span class='ocrx_word' id='word_1_30' title='bbox 1782 859 1862 919; x_wconf 91' lang='lat' dir='ltr'><em>erat.</em></span> 
     </span>
    </p>
   </div>
   <div class='ocr_carea' id='block_1_3' title="bbox 438 981 1686 1070">
    <p class='ocr_par' dir='ltr' id='par_1_3' title="bbox 438 981 1686 1070">
     <span class='ocr_line' id='line_1_5' title="bbox 438 981 1686 1070; baseline 0.003 -22"><span class='ocrx_word' id='word_1_31' title='bbox 438 981 548 1050; x_wconf 84' lang='lat' dir='ltr'><em>Codex</em></span> <span class='ocrx_word' id='word_1_32' title='bbox 569 984 625 1068; x_wconf 92' lang='lat' dir='ltr'><em>qui</em></span> <span class='ocrx_word' id='word_1_33' title='bbox 648 985 792 1070; x_wconf 90' lang='lat' dir='ltr'><em>seqnitur</em></span> <span class='ocrx_word' id='word_1_34' title='bbox 814 993 846 1052; x_wconf 90' lang='lat' dir='ltr'><em>et</em></span> <span class='ocrx_word' id='word_1_35' title='bbox 867 987 1006 1055; x_wconf 89' lang='lat' dir='ltr'><em>Suriana</em></span> <span class='ocrx_word' id='word_1_36' title='bbox 1027 986 1125 1054; x_wconf 90' lang='lat' dir='ltr'><em>editio</em></span> <span class='ocrx_word' id='word_1_37' title='bbox 1146 994 1269 1054; x_wconf 82' lang='lat' dir='ltr'><em>textum</em></span> <span class='ocrx_word' id='word_1_38' title='bbox 1291 988 1491 1056; x_wconf 88' lang='lat' dir='ltr'><em>decurtatum</em></span> <span class='ocrx_word' id='word_1_39' title='bbox 1514 987 1686 1054; x_wconf 86' lang='lat' dir='ltr'><em>continent.</em></span> 
     </span>
    </p>
   </div>
   <div class='ocr_carea' id='block_1_4' title="bbox 354 1102 1982 1299">
    <p class='ocr_par' dir='ltr' id='par_1_4' title="bbox 354 1102 1982 1299">
     <span class='ocr_line' id='line_1_6' title="bbox 354 1102 1982 1193; baseline 0.006 -27"><span class='ocrx_word' id='word_1_40' title='bbox 354 1102 380 1166; x_wconf 92' lang='lat' dir='ltr'>B</span> <span class='ocrx_word' id='word_1_41' title='bbox 511 1104 621 1171; x_wconf 84' lang='lat' dir='ltr'><em>Codex</em></span> <span class='ocrx_word' id='word_1_42' title='bbox 635 1106 858 1174; x_wconf 83' lang='lat' dir='ltr'><em>Bruxellensis</em></span> <span class='ocrx_word' id='word_1_43' title='bbox 880 1129 927 1173; x_wconf 92' lang='lat' dir='ltr'><em>nr.</em></span> <span class='ocrx_word' id='word_1_44' title='bbox 948 1110 1044 1191; x_wconf 82' lang='lat'><em>9289,</em></span> <span class='ocrx_word' id='word_1_45' title='bbox 1071 1127 1156 1175; x_wconf 86' lang='lat' dir='ltr'><em>saec.</em></span> <span class='ocrx_word' id='word_1_46' title='bbox 1176 1109 1233 1191; x_wconf 87' lang='lat' dir='ltr'><em>XI,</em></span> <span class='ocrx_word' id='word_1_47' title='bbox 1260 1109 1317 1176; x_wconf 85' lang='lat' dir='ltr'><em>fol.</em></span> <span class='ocrx_word' id='word_1_48' title='bbox 1336 1113 1475 1174; x_wconf 81' lang='lat'><strong>74—75.</strong></span> <span class='ocrx_word' id='word_1_49' title='bbox 1514 1110 1670 1193; x_wconf 86' lang='lat' dir='ltr'>Prologus</span> <span class='ocrx_word' id='word_1_50' title='bbox 1694 1116 1726 1176; x_wconf 94' lang='lat' dir='ltr'><em>et</em></span> <span class='ocrx_word' id='word_1_51' title='bbox 1748 1109 1903 1176; x_wconf 84' lang='lat' dir='ltr'><em>miracula</em></span> <span class='ocrx_word' id='word_1_52' title='bbox 1925 1110 1982 1176; x_wconf 92' lang='lat' dir='ltr'><em>de-</em></span> 
     </span>
     <span class='ocr_line' id='line_1_7' title="bbox 557 1208 1977 1299; baseline 0.001 -24"><span class='ocrx_word' id='word_1_53' title='bbox 557 1208 756 1291; x_wconf 64' lang='lat' dir='ltr'><em>siderantum</em></span> <span class='ocrx_word' id='word_1_54' title='bbox 789 1212 951 1297; x_wconf 87' lang='lat' dir='ltr'><em>complura</em></span> <span class='ocrx_word' id='word_1_55' title='bbox 980 1231 1106 1296; x_wconf 89' lang='lat' dir='ltr'><em>quoque</em></span> <span class='ocrx_word' id='word_1_56' title='bbox 1135 1233 1175 1278; x_wconf 85' lang='lat' dir='ltr'><em>ex</em></span> <span class='ocrx_word' id='word_1_57' title='bbox 1204 1213 1276 1299; x_wconf 90' lang='lat' dir='ltr'><em>ipsa</em></span> <span class='ocrx_word' id='word_1_58' title='bbox 1306 1213 1372 1279; x_wconf 87' lang='lat' dir='ltr'><em>vita</em></span> <span class='ocrx_word' id='word_1_59' title='bbox 1401 1211 1599 1280; x_wconf 81' lang='lat' dir='ltr'><em>exciderunt.</em></span> <span class='ocrx_word' id='word_1_60' title='bbox 1647 1212 1775 1279; x_wconf 84' lang='lat' dir='ltr'><em>Desinit</em></span> <span class='ocrx_word' id='word_1_61' title='bbox 1802 1213 1836 1277; x_wconf 94' lang='lat' dir='ltr'><em>in</em></span> <span class='ocrx_word' id='word_1_62' title='bbox 1863 1214 1977 1280; x_wconf 89' lang='lat' dir='ltr'><em>verbo:</em></span> 
     </span>
    </p>
   </div>
   <div class='ocr_carea' id='block_1_5' title="bbox 349 1315 1983 2553">
    <p class='ocr_par' dir='ltr' id='par_1_5' title="bbox 350 1315 1983 1797">
     <span class='ocr_line' id='line_1_8' title="bbox 557 1315 1374 1400; baseline 0.007 -24"><span class='ocrx_word' id='word_1_63' title='bbox 557 1317 687 1379; x_wconf 87' lang='lat' dir='ltr'><em>viventis</em></span> <span class='ocrx_word' id='word_1_64' title='bbox 715 1315 807 1397; x_wconf 84' lang='lat' dir='ltr'><em>(infra</em></span> <span class='ocrx_word' id='word_1_65' title='bbox 829 1336 861 1400; x_wconf 92' lang='lat' dir='ltr'><em>p.</em></span> <span class='ocrx_word' id='word_1_66' title='bbox 881 1319 931 1397; x_wconf 84' lang='grc'><em>60,</em></span> <span class='ocrx_word' id='word_1_67' title='bbox 953 1316 1011 1399; x_wconf 78' lang='lat' dir='ltr'><em>su).</em></span> <span class='ocrx_word' id='word_1_68' title='bbox 1037 1353 1079 1363; x_wconf 98' lang='lat'>—</span> <span class='ocrx_word' id='word_1_69' title='bbox 1103 1316 1207 1400; x_wconf 88' lang='lat' dir='ltr'><em>Vogel</em></span> <span class='ocrx_word' id='word_1_70' title='bbox 1229 1317 1374 1384; x_wconf 90' lang='lat' dir='ltr'><em>contulit.</em></span> 
     </span>
     <span class='ocr_line' id='line_1_9' title="bbox 350 1412 1983 1502; baseline 0.006 -26"><span class='ocrx_word' id='word_1_71' title='bbox 350 1412 373 1477; x_wconf 87' lang='lat' dir='ltr'>S</span> <span class='ocrx_word' id='word_1_72' title='bbox 508 1418 638 1499; x_wconf 84' lang='lat' dir='ltr'><em>Sarius,</em></span> <span class='ocrx_word' id='word_1_73' title='bbox 673 1423 716 1481; x_wconf 89' lang='lat' dir='ltr'><em>De</em></span> <span class='ocrx_word' id='word_1_74' title='bbox 735 1420 875 1501; x_wconf 86' lang='lat' dir='ltr'><em>probatis</em></span> <span class='ocrx_word' id='word_1_75' title='bbox 897 1431 1075 1485; x_wconf 87' lang='lat' dir='ltr'><em>sanctorum</em></span> <span class='ocrx_word' id='word_1_76' title='bbox 1097 1423 1248 1502; x_wconf 77' lang='lat' dir='ltr'><em>historiis,</em></span> <span class='ocrx_word' id='word_1_77' title='bbox 1282 1424 1421 1485; x_wconf 87' lang='lat' dir='ltr'><em>Coloniae</em></span> <span class='ocrx_word' id='word_1_78' title='bbox 1444 1426 1544 1502; x_wconf 86' lang='lat' dir='ltr'><em>t575,</em></span> <span class='ocrx_word' id='word_1_79' title='bbox 1573 1420 1626 1500; x_wconf 93' lang='lat' dir='ltr'><em>VI,</em></span> <span class='ocrx_word' id='word_1_80' title='bbox 1654 1421 1711 1499; x_wconf 86' lang='lat'><em>78,</em></span> <span class='ocrx_word' id='word_1_81' title='bbox 1745 1419 1858 1487; x_wconf 82' lang='lat' dir='ltr'><em>eadem</em></span> <span class='ocrx_word' id='word_1_82' title='bbox 1881 1419 1983 1486; x_wconf 85' lang='lat' dir='ltr'><em>edidit</em></span> 
     </span>
     <span class='ocr_line' id='line_1_10' title="bbox 558 1520 864 1602; baseline 0.013 -18"><span class='ocrx_word' id='word_1_83' title='bbox 558 1539 642 1602; x_wconf 92' lang='lat' dir='ltr'><em>quae</em></span> <span class='ocrx_word' id='word_1_84' title='bbox 664 1520 691 1584; x_wconf 93' lang='lat' dir='ltr'>B</span> <span class='ocrx_word' id='word_1_85' title='bbox 715 1522 864 1590; x_wconf 90' lang='lat' dir='ltr'><em>eontinet.</em></span> 
     </span>
     <span class='ocr_line' id='line_1_11' title="bbox 508 1625 1981 1714; baseline 0.004 -28"><span class='ocrx_word' id='word_1_86' title='bbox 508 1625 603 1687; x_wconf 82' lang='lat' dir='ltr'><em>tacti</em></span> <span class='ocrx_word' id='word_1_87' title='bbox 623 1646 656 1710; x_wconf 90' lang='lat' dir='ltr'><em>p.</em></span> <span class='ocrx_word' id='word_1_88' title='bbox 675 1628 717 1689; x_wconf 84' lang='grc'><em>96</em></span> <span class='ocrx_word' id='word_1_89' title='bbox 740 1627 790 1709; x_wconf 78' lang='lat'><em>(²</em></span> <span class='ocrx_word' id='word_1_90' title='bbox 813 1632 913 1712; x_wconf 79' lang='lat' dir='ltr'><em>Mipue</em></span> <span class='ocrx_word' id='word_1_91' title='bbox 933 1627 1149 1711; x_wconf 90' lang='lat' dir='ltr'>LXXXVHI,</span> <span class='ocrx_word' id='word_1_92' title='bbox 1172 1649 1204 1714; x_wconf 89' lang='lat' dir='ltr'><em>p.</em></span> <span class='ocrx_word' id='word_1_93' title='bbox 1224 1629 1295 1712; x_wconf 83' lang='lat'>513)</span> <span class='ocrx_word' id='word_1_94' title='bbox 1323 1634 1445 1695; x_wconf 83' lang='lat' dir='ltr'><em>textum</em></span> <span class='ocrx_word' id='word_1_95' title='bbox 1467 1627 1676 1695; x_wconf 84' lang='lat' dir='ltr'><em>Labbeannm</em></span> <span class='ocrx_word' id='word_1_96' title='bbox 1699 1626 1860 1714; x_wconf 88' lang='lat' dir='ltr'><em>repetivit,</em></span> <span class='ocrx_word' id='word_1_97' title='bbox 1888 1647 1981 1712; x_wconf 88' lang='lat' dir='ltr'><em>quem</em></span> 
     </span>
     <span class='ocr_line' id='line_1_12' title="bbox 557 1727 914 1797; baseline 0.008 -5"><span class='ocrx_word' id='word_1_98' title='bbox 557 1746 629 1792; x_wconf 92' lang='lat' dir='ltr'><em>cum</em></span> <span class='ocrx_word' id='word_1_99' title='bbox 653 1727 746 1795; x_wconf 91' lang='lat' dir='ltr'><em>Surio</em></span> <span class='ocrx_word' id='word_1_100' title='bbox 770 1729 914 1797; x_wconf 90' lang='lat' dir='ltr'><em>eontulit.</em></span> 
     </span>
    </p>

    <p class='ocr_par' dir='ltr' id='par_1_6' title="bbox 349 1863 1981 2553">
     <span class='ocr_line' id='line_1_13' title="bbox 435 1863 1981 1951; baseline 0.003 -22"><span class='ocrx_word' id='word_1_101' title='bbox 435 1863 504 1929; x_wconf 87' lang='lat' dir='ltr'><em>Nos</em></span> <span class='ocrx_word' id='word_1_102' title='bbox 526 1871 694 1949; x_wconf 86' lang='lat' dir='ltr'><em>postquam</em></span> <span class='ocrx_word' id='word_1_103' title='bbox 717 1867 743 1931; x_wconf 91' lang='lat' dir='ltr'>L</span> <span class='ocrx_word' id='word_1_104' title='bbox 765 1888 806 1933; x_wconf 84' lang='lat' dir='ltr'><em>ex</em></span> <span class='ocrx_word' id='word_1_105' title='bbox 829 1867 855 1931; x_wconf 92' lang='lat' dir='ltr'>B</span> <span class='ocrx_word' id='word_1_106' title='bbox 878 1868 1134 1951; x_wconf 82' lang='lat' dir='ltr'><em>emendavimus,</em></span> <span class='ocrx_word' id='word_1_107' title='bbox 1168 1869 1201 1935; x_wconf 94' lang='lat' dir='ltr'><em>in</em></span> <span class='ocrx_word' id='word_1_108' title='bbox 1224 1869 1256 1933; x_wconf 87' lang='lat' dir='ltr'><strong>M</strong></span> <span class='ocrx_word' id='word_1_109' title='bbox 1277 1867 1463 1949; x_wconf 91' lang='lat' dir='ltr'><em>incidimus,</em></span> <span class='ocrx_word' id='word_1_110' title='bbox 1494 1867 1580 1934; x_wconf 90' lang='lat' dir='ltr'><em>unde</em></span> <span class='ocrx_word' id='word_1_111' title='bbox 1607 1867 1762 1933; x_wconf 87' lang='lat' dir='ltr'><em>nonnulla</em></span> <span class='ocrx_word' id='word_1_112' title='bbox 1786 1888 1869 1950; x_wconf 89' lang='lat' dir='ltr'><em>quae</em></span> <span class='ocrx_word' id='word_1_113' title='bbox 1892 1868 1981 1933; x_wconf 85' lang='lat' dir='ltr'><em>exB</em></span> 
     </span>
     <span class='ocr_line' id='line_1_14' title="bbox 349 1982 1981 2075; baseline 0.002 -27"><span class='ocrx_word' id='word_1_114' title='bbox 349 1982 414 2049; x_wconf 90' lang='lat' dir='ltr'><em>iam</em></span> <span class='ocrx_word' id='word_1_115' title='bbox 443 2004 668 2072; x_wconf 80' lang='lat' dir='ltr'><em>receperamus</em></span> <span class='ocrx_word' id='word_1_116' title='bbox 699 1987 983 2071; x_wconf 84' lang='lat' dir='ltr'><em>confirmabantur,</em></span> <span class='ocrx_word' id='word_1_117' title='bbox 1019 1995 1054 2055; x_wconf 93' lang='lat' dir='ltr'><em>ut</em></span> <span class='ocrx_word' id='word_1_118' title='bbox 1083 1989 1167 2056; x_wconf 84' lang='lat' dir='ltr'><em>infra</em></span> <span class='ocrx_word' id='word_1_119' title='bbox 1196 2011 1228 2075; x_wconf 91' lang='lat' dir='ltr'><em>p.</em></span> <span class='ocrx_word' id='word_1_120' title='bbox 1255 1991 1306 2072; x_wconf 85' lang='lat'><em>58,</em></span> <span class='ocrx_word' id='word_1_121' title='bbox 1336 2001 1367 2051; x_wconf 82' lang='lat'><em>19</em></span> <span class='ocrx_word' id='word_1_122' title='bbox 1390 1991 1504 2073; x_wconf 80' lang='lat' dir='ltr'><em>biiapes</em></span> <span class='ocrx_word' id='word_1_123' title='bbox 1527 1989 1605 2070; x_wconf 92' lang='lat' dir='ltr'><em>BM,</em></span> <span class='ocrx_word' id='word_1_124' title='bbox 1638 1989 1723 2073; x_wconf 80' lang='lat' dir='ltr'><em>bipae</em></span> <span class='ocrx_word' id='word_1_125' title='bbox 1745 1989 1874 2052; x_wconf 80' lang='lat' dir='ltr'><em>laminis</em></span> <span class='ocrx_word' id='word_1_126' title='bbox 1898 1992 1981 2052; x_wconf 86' lang='lat' dir='ltr'><em>illias</em></span> 
     </span>
     <span class='ocr_line' id='line_1_15' title="bbox 353 2106 1981 2196; baseline 0.003 -28"><span class='ocrx_word' id='word_1_127' title='bbox 353 2108 505 2170; x_wconf 74' lang='lat' dir='ltr'><em>aninsulae</em></span> <span class='ocrx_word' id='word_1_128' title='bbox 527 2106 563 2170; x_wconf 94' lang='lat' dir='ltr'><em>L.</em></span> <span class='ocrx_word' id='word_1_129' title='bbox 611 2107 792 2175; x_wconf 90' lang='lat' dir='ltr'><em>Dolendum</em></span> <span class='ocrx_word' id='word_1_130' title='bbox 816 2117 923 2176; x_wconf 90' lang='lat' dir='ltr'><em>autem</em></span> <span class='ocrx_word' id='word_1_131' title='bbox 948 2117 1013 2194; x_wconf 90' lang='lat' dir='ltr'><em>est,</em></span> <span class='ocrx_word' id='word_1_132' title='bbox 1048 2110 1133 2192; x_wconf 92' lang='lat' dir='ltr'><em>quod</em></span> <span class='ocrx_word' id='word_1_133' title='bbox 1155 2111 1264 2177; x_wconf 90' lang='lat' dir='ltr'><em>Labbe</em></span> <span class='ocrx_word' id='word_1_134' title='bbox 1287 2131 1450 2196; x_wconf 86' lang='lat' dir='ltr'><em>perpauca</em></span> <span class='ocrx_word' id='word_1_135' title='bbox 1473 2114 1597 2176; x_wconf 91' lang='lat' dir='ltr'><em>tantum</em></span> <span class='ocrx_word' id='word_1_136' title='bbox 1620 2129 1661 2176; x_wconf 84' lang='lat' dir='ltr'><em>ex</em></span> <span class='ocrx_word' id='word_1_137' title='bbox 1682 2109 1715 2173; x_wconf 89' lang='lat' dir='ltr'><strong>M</strong></span> <span class='ocrx_word' id='word_1_138' title='bbox 1737 2108 1908 2194; x_wconf 85' lang='lat' dir='ltr'><em>appendici</em></span> <span class='ocrx_word' id='word_1_139' title='bbox 1930 2109 1981 2174; x_wconf 90' lang='lat' dir='ltr'><em>in-</em></span> 
     </span>
     <span class='ocr_line' id='line_1_16' title="bbox 350 2226 1981 2317; baseline 0.003 -28"><span class='ocrx_word' id='word_1_140' title='bbox 350 2226 461 2292; x_wconf 85' lang='lat' dir='ltr'><em>seruit.</em></span> <span class='ocrx_word' id='word_1_141' title='bbox 508 2226 596 2293; x_wconf 91' lang='lat' dir='ltr'><em>Libri</em></span> <span class='ocrx_word' id='word_1_142' title='bbox 619 2228 642 2293; x_wconf 95' lang='lat' dir='ltr'>S</span> <span class='ocrx_word' id='word_1_143' title='bbox 670 2249 710 2294; x_wconf 92' lang='lat' dir='ltr'><em>ea</em></span> <span class='ocrx_word' id='word_1_144' title='bbox 738 2230 806 2296; x_wconf 85' lang='lat' dir='ltr'><em>lere</em></span> <span class='ocrx_word' id='word_1_145' title='bbox 835 2231 905 2296; x_wconf 89' lang='lat' dir='ltr'><em>sala</em></span> <span class='ocrx_word' id='word_1_146' title='bbox 933 2230 1109 2317; x_wconf 84' lang='lat' dir='ltr'><em>adscripsi,</em></span> <span class='ocrx_word' id='word_1_147' title='bbox 1139 2251 1224 2316; x_wconf 88' lang='lat' dir='ltr'><em>quae</em></span> <span class='ocrx_word' id='word_1_148' title='bbox 1257 2251 1328 2298; x_wconf 92' lang='lat' dir='ltr'><em>cum</em></span> <span class='ocrx_word' id='word_1_149' title='bbox 1352 2232 1377 2295; x_wconf 90' lang='lat' dir='ltr'>L</span> <span class='ocrx_word' id='word_1_150' title='bbox 1399 2231 1452 2297; x_wconf 92' lang='lat' dir='ltr'><em>vel</em></span> <span class='ocrx_word' id='word_1_151' title='bbox 1474 2231 1507 2295; x_wconf 89' lang='lat' dir='ltr'><strong>M</strong></span> <span class='ocrx_word' id='word_1_152' title='bbox 1529 2229 1722 2297; x_wconf 89' lang='lat' dir='ltr'><em>conveniunt</em></span> <span class='ocrx_word' id='word_1_153' title='bbox 1743 2236 1799 2295; x_wconf 92' lang='lat' dir='ltr'><em>aut</em></span> <span class='ocrx_word' id='word_1_154' title='bbox 1821 2250 1842 2295; x_wconf 92' lang='lat' dir='ltr'><em>a</em></span> <span class='ocrx_word' id='word_1_155' title='bbox 1864 2230 1891 2294; x_wconf 93' lang='lat' dir='ltr'><strong>B</strong></span> <span class='ocrx_word' id='word_1_156' title='bbox 1913 2229 1981 2295; x_wconf 93' lang='lat' dir='ltr'><em>dis-</em></span> 
     </span>
     <span class='ocr_line' id='line_1_17' title="bbox 350 2346 1980 2436; baseline 0.002 -26"><span class='ocrx_word' id='word_1_157' title='bbox 350 2346 501 2411; x_wconf 90' lang='lat' dir='ltr'><em>sentiunt.</em></span> <span class='ocrx_word' id='word_1_158' title='bbox 542 2348 657 2433; x_wconf 89' lang='lat' dir='ltr'><em>Neque</em></span> <span class='ocrx_word' id='word_1_159' title='bbox 679 2370 754 2416; x_wconf 88' lang='lat' dir='ltr'><em>vero</em></span> <span class='ocrx_word' id='word_1_160' title='bbox 777 2351 886 2417; x_wconf 84' lang='lat' dir='ltr'><em>amnia</em></span> <span class='ocrx_word' id='word_1_161' title='bbox 907 2351 1106 2419; x_wconf 88' lang='lat' dir='ltr'><em>admittenda</em></span> <span class='ocrx_word' id='word_1_162' title='bbox 1129 2371 1201 2418; x_wconf 88' lang='lat' dir='ltr'><em>esse</em></span> <span class='ocrx_word' id='word_1_163' title='bbox 1225 2351 1313 2434; x_wconf 82' lang='lat' dir='ltr'><em>duxi,</em></span> <span class='ocrx_word' id='word_1_164' title='bbox 1340 2351 1373 2417; x_wconf 90' lang='lat' dir='ltr'><em>in</em></span> <span class='ocrx_word' id='word_1_165' title='bbox 1395 2350 1511 2436; x_wconf 89' lang='lat' dir='ltr'><em>quibus</em></span> <span class='ocrx_word' id='word_1_166' title='bbox 1533 2351 1556 2416; x_wconf 91' lang='lat' dir='ltr'>S</span> <span class='ocrx_word' id='word_1_167' title='bbox 1579 2357 1612 2416; x_wconf 90' lang='lat' dir='ltr'><em>et</em></span> <span class='ocrx_word' id='word_1_168' title='bbox 1633 2351 1658 2415; x_wconf 97' lang='lat' dir='ltr'>L</span> <span class='ocrx_word' id='word_1_169' title='bbox 1682 2350 1882 2431; x_wconf 88' lang='lat' dir='ltr'><em>concordant,</em></span> <span class='ocrx_word' id='word_1_170' title='bbox 1910 2370 1980 2415; x_wconf 89' lang='lat' dir='ltr'><em>cum</em></span> 
     </span>
     <span class='ocr_line' id='line_1_18' title="bbox 351 2466 1512 2553; baseline 0.005 -22"><span class='ocrx_word' id='word_1_171' title='bbox 351 2466 461 2532; x_wconf 90' lang='lat' dir='ltr'><em>Labbe</em></span> <span class='ocrx_word' id='word_1_172' title='bbox 482 2489 722 2553; x_wconf 90' lang='lat' dir='ltr'><em>nonnumquam</em></span> <span class='ocrx_word' id='word_1_173' title='bbox 744 2478 866 2538; x_wconf 85' lang='lat' dir='ltr'><em>textum</em></span> <span class='ocrx_word' id='word_1_174' title='bbox 888 2472 1089 2539; x_wconf 87' lang='lat' dir='ltr'><em>immutatum</em></span> <span class='ocrx_word' id='word_1_175' title='bbox 1114 2472 1136 2538; x_wconf 89' lang='lat' dir='ltr'>S</span> <span class='ocrx_word' id='word_1_176' title='bbox 1159 2471 1330 2540; x_wconf 86' lang='lat' dir='ltr'><em>retinuisse</em></span> <span class='ocrx_word' id='word_1_177' title='bbox 1353 2471 1512 2538; x_wconf 87' lang='lat' dir='ltr'><em>rideatur.</em></span> 
     </span>
    </p>
   </div>
   <div class='ocr_carea' id='block_1_6' title="bbox 504 2591 1980 2884">
    <p class='ocr_par' dir='ltr' id='par_1_7' title="bbox 504 2591 1980 2884">
     <span class='ocr_line' id='line_1_19' title="bbox 504 2591 1979 2678; baseline 0.001 -26"><span class='ocrx_word' id='word_1_178' title='bbox 504 2593 699 2673; x_wconf 79' lang='lat' dir='ltr'><em>Rapaoaard,</em></span> <span class='ocrx_word' id='word_1_179' title='bbox 719 2594 818 2656; x_wconf 80' lang='lat' dir='ltr'><em>Clinia</em></span> <span class='ocrx_word' id='word_1_180' title='bbox 829 2595 882 2657; x_wconf 90' lang='lat' dir='ltr'><em>des</em></span> <span class='ocrx_word' id='word_1_181' title='bbox 890 2597 1007 2676; x_wconf 84' lang='lat' dir='ltr'><em>podsies</em></span> <span class='ocrx_word' id='word_1_182' title='bbox 1019 2596 1185 2678; x_wconf 82' lang='lat' dir='ltr'><em>oripiaales</em></span> <span class='ocrx_word' id='word_1_183' title='bbox 1197 2597 1250 2658; x_wconf 90' lang='lat' dir='ltr'><em>des</em></span> <span class='ocrx_word' id='word_1_184' title='bbox 1263 2594 1479 2671; x_wconf 80' lang='lat' dir='ltr'><em>troabadoars,</em></span> <span class='ocrx_word' id='word_1_185' title='bbox 1497 2595 1586 2655; x_wconf 87' lang='lat' dir='ltr'><em>Paris</em></span> <span class='ocrx_word' id='word_1_186' title='bbox 1600 2596 1615 2654; x_wconf 91' lang='lat' dir='ltr'><em>l</em></span> <span class='ocrx_word' id='word_1_187' title='bbox 1620 2594 1682 2654; x_wconf 78' lang='lat'><em>817</em></span> <span class='ocrx_word' id='word_1_188' title='bbox 1687 2641 1694 2671; x_wconf 87' lang='lat'><em>,</em></span> <span class='ocrx_word' id='word_1_189' title='bbox 1710 2591 1753 2672; x_wconf 83' lang='grc' dir='ltr'><em>Π,</em></span> <span class='ocrx_word' id='word_1_190' title='bbox 1768 2613 1800 2677; x_wconf 93' lang='lat' dir='ltr'><em>p.</em></span> <span class='ocrx_word' id='word_1_191' title='bbox 1816 2592 1979 2658; x_wconf 77' lang='lat' dir='ltr'>CXLVIII</span> 
     </span>
     <span class='ocr_line' id='line_1_20' title="bbox 556 2694 1980 2779; baseline -0.001 -18"><span class='ocrx_word' id='word_1_192' title='bbox 556 2694 738 2779; x_wconf 88' lang='lat' dir='ltr'><em>fragmenta</em></span> <span class='ocrx_word' id='word_1_193' title='bbox 761 2696 911 2762; x_wconf 91' lang='lat' dir='ltr'><em>carminis</em></span> <span class='ocrx_word' id='word_1_194' title='bbox 935 2696 976 2763; x_wconf 91' lang='lat' dir='ltr'><em>de</em></span> <span class='ocrx_word' id='word_1_195' title='bbox 998 2697 1094 2763; x_wconf 89' lang='lat' dir='ltr'><em>beato</em></span> <span class='ocrx_word' id='word_1_196' title='bbox 1116 2696 1267 2763; x_wconf 85' lang='lat' dir='ltr'><em>Amantia</em></span> <span class='ocrx_word' id='word_1_197' title='bbox 1289 2716 1376 2763; x_wconf 88' lang='lat' dir='ltr'><em>saec.</em></span> <span class='ocrx_word' id='word_1_198' title='bbox 1394 2697 1442 2761; x_wconf 87' lang='lat' dir='ltr'><em>XI</em></span> <span class='ocrx_word' id='word_1_199' title='bbox 1462 2696 1515 2762; x_wconf 87' lang='lat' dir='ltr'><em>vel</em></span> <span class='ocrx_word' id='word_1_200' title='bbox 1536 2694 1600 2759; x_wconf 92' lang='lat' dir='ltr'><em>XII</em></span> <span class='ocrx_word' id='word_1_201' title='bbox 1622 2695 1769 2760; x_wconf 88' lang='lat' dir='ltr'><em>versibus</em></span> <span class='ocrx_word' id='word_1_202' title='bbox 1791 2694 1980 2778; x_wconf 88' lang='lat' dir='ltr'><em>rhythmicis</em></span> 
     </span>
     <span class='ocr_line' id='line_1_21' title="bbox 555 2797 1355 2884; baseline 0.004 -21"><span class='ocrx_word' id='word_1_203' title='bbox 555 2797 730 2883; x_wconf 83' lang='lat' dir='ltr'><em>linguaque</em></span> <span class='ocrx_word' id='word_1_204' title='bbox 752 2800 898 2867; x_wconf 86' lang='lat' dir='ltr'><em>Romana</em></span> <span class='ocrx_word' id='word_1_205' title='bbox 919 2800 1089 2884; x_wconf 90' lang='lat' dir='ltr'><em>conscripti</em></span> <span class='ocrx_word' id='word_1_206' title='bbox 1111 2800 1276 2867; x_wconf 88' lang='lat' dir='ltr'><em>indicavit.</em></span> <span class='ocrx_word' id='word_1_207' title='bbox 1354 2879 1355 2882; x_wconf 8' lang='grc' dir='ltr'><strong>Ἴ</strong></span> 
     </span>
    </p>
   </div>
   <div class='ocr_carea' id='block_1_7' title="bbox 895 3142 1425 3229">
    <p class='ocr_par' dir='ltr' id='par_1_8' title="bbox 895 3142 1425 3229">
     <span class='ocr_line' id='line_1_22' title="bbox 895 3142 1425 3229; baseline -0.004 -2"><span class='ocrx_word' id='word_1_208' title='bbox 895 3143 991 3227; x_wconf 81' lang='lat' dir='ltr'><em>vul.</em></span> <span class='ocrx_word' id='word_1_209' title='bbox 1019 3143 1131 3228; x_wconf 80' lang='lat' dir='ltr'>VITA</span> <span class='ocrx_word' id='word_1_210' title='bbox 1158 3146 1194 3229; x_wconf 90' lang='lat' dir='ltr'><em>S.</em></span> <span class='ocrx_word' id='word_1_211' title='bbox 1222 3142 1425 3226; x_wconf 78' lang='lat' dir='ltr'><em>annuali.</em></span> 
     </span>
    </p>
   </div>
   <div class='ocr_carea' id='block_1_8' title="bbox 349 3330 1981 3901">
    <p class='ocr_par' dir='ltr' id='par_1_9' title="bbox 349 3330 1981 3901">
     <span class='ocr_line' id='line_1_23' title="bbox 436 3330 1979 3419; baseline 0.002 -24"><span class='ocrx_word' id='word_1_212' title='bbox 436 3330 485 3396; x_wconf 93' lang='lat' dir='ltr'><em>De</em></span> <span class='ocrx_word' id='word_1_213' title='bbox 513 3330 637 3416; x_wconf 90' lang='lat' dir='ltr'><em>origine</em></span> <span class='ocrx_word' id='word_1_214' title='bbox 666 3332 760 3399; x_wconf 84' lang='lat' dir='ltr'><em>Vitae</em></span> <span class='ocrx_word' id='word_1_215' title='bbox 787 3332 896 3399; x_wconf 87' lang='lat' dir='ltr'><em>brevis</em></span> <span class='ocrx_word' id='word_1_216' title='bbox 918 3332 1064 3400; x_wconf 88' lang='lat' dir='ltr'><em>Remedii</em></span> <span class='ocrx_word' id='word_1_217' title='bbox 1087 3334 1291 3401; x_wconf 85' lang='lat' dir='ltr'><em>Remensium</em></span> <span class='ocrx_word' id='word_1_218' title='bbox 1322 3332 1466 3419; x_wconf 88' lang='lat' dir='ltr'><em>episcopi</em></span> <span class='ocrx_word' id='word_1_219' title='bbox 1495 3333 1638 3399; x_wconf 83' lang='lat' dir='ltr'><em>fabulam</em></span> <span class='ocrx_word' id='word_1_220' title='bbox 1669 3333 1748 3399; x_wconf 88' lang='lat' dir='ltr'><em>satis</em></span> <span class='ocrx_word' id='word_1_221' title='bbox 1779 3332 1979 3417; x_wconf 82' lang='lat' dir='ltr'><em>ingeniosam</em></span> 
     </span>
     <span class='ocr_line' id='line_1_24' title="bbox 349 3450 1978 3540; baseline 0.002 -25"><span class='ocrx_word' id='word_1_222' title='bbox 349 3450 542 3519; x_wconf 89' lang='lat' dir='ltr'><em>Hincmarus</em></span> <span class='ocrx_word' id='word_1_223' title='bbox 574 3460 669 3519; x_wconf 90' lang='lat' dir='ltr'><em>notus</em></span> <span class='ocrx_word' id='word_1_224' title='bbox 702 3453 897 3538; x_wconf 83' lang='lat' dir='ltr'><em>falsarius³¹)</em></span> <span class='ocrx_word' id='word_1_225' title='bbox 932 3454 1129 3538; x_wconf 85' lang='lat' dir='ltr'><em>excogitavit</em></span> <span class='ocrx_word' id='word_1_226' title='bbox 1161 3454 1363 3540; x_wconf 90' lang='lat' dir='ltr'><em>credulisque</em></span> <span class='ocrx_word' id='word_1_227' title='bbox 1394 3453 1544 3521; x_wconf 90' lang='lat' dir='ltr'><em>fidelibus</em></span> <span class='ocrx_word' id='word_1_228' title='bbox 1575 3452 1699 3520; x_wconf 90' lang='lat' dir='ltr'><em>obtulit.</em></span> <span class='ocrx_word' id='word_1_229' title='bbox 1748 3452 1880 3519; x_wconf 86' lang='lat' dir='ltr'><em>Scilicet</em></span> <span class='ocrx_word' id='word_1_230' title='bbox 1908 3472 1978 3519; x_wconf 91' lang='lat' dir='ltr'><em>cum</em></span> 
     </span>
     <span class='ocr_line' id='line_1_25' title="bbox 349 3571 1980 3661; baseline 0.001 -25"><span class='ocrx_word' id='word_1_231' title='bbox 349 3571 447 3637; x_wconf 83' lang='lat' dir='ltr'><em>vitam</em></span> <span class='ocrx_word' id='word_1_232' title='bbox 476 3573 624 3641; x_wconf 87' lang='lat' dir='ltr'><em>Remedii</em></span> <span class='ocrx_word' id='word_1_233' title='bbox 655 3575 726 3660; x_wconf 91' lang='lat' dir='ltr'><em>ipse</em></span> <span class='ocrx_word' id='word_1_234' title='bbox 759 3574 991 3660; x_wconf 88' lang='lat' dir='ltr'><em>composuisset</em></span> <span class='ocrx_word' id='word_1_235' title='bbox 1024 3575 1118 3641; x_wconf 91' lang='lat' dir='ltr'><em>etin</em></span> <span class='ocrx_word' id='word_1_236' title='bbox 1146 3596 1187 3642; x_wconf 85' lang='lat' dir='ltr'><em>ea</em></span> <span class='ocrx_word' id='word_1_237' title='bbox 1216 3577 1381 3660; x_wconf 85' lang='lat' dir='ltr'><em>complura</em></span> <span class='ocrx_word' id='word_1_238' title='bbox 1409 3575 1573 3661; x_wconf 86' lang='lat' dir='ltr'><em>posuisset</em></span> <span class='ocrx_word' id='word_1_239' title='bbox 1601 3595 1623 3640; x_wconf 90' lang='lat' dir='ltr'><em>a</em></span> <span class='ocrx_word' id='word_1_240' title='bbox 1652 3580 1761 3641; x_wconf 86' lang='lat' dir='ltr'><em>vetere</em></span> <span class='ocrx_word' id='word_1_241' title='bbox 1788 3572 1980 3658; x_wconf 88' lang='lat' dir='ltr'><em>biographia</em></span> 
     </span>
     <span class='ocr_line' id='line_1_26' title="bbox 349 3693 1981 3780; baseline 0.001 -22"><span class='ocrx_word' id='word_1_242' title='bbox 349 3693 473 3775; x_wconf 89' lang='lat' dir='ltr'><em>aliena,</em></span> <span class='ocrx_word' id='word_1_243' title='bbox 508 3715 549 3761; x_wconf 92' lang='lat' dir='ltr'><em>ea</em></span> <span class='ocrx_word' id='word_1_244' title='bbox 577 3701 614 3762; x_wconf 90' lang='lat' dir='ltr'><em>nt</em></span> <span class='ocrx_word' id='word_1_245' title='bbox 640 3696 749 3780; x_wconf 89' lang='lat' dir='ltr'><em>aliqua</em></span> <span class='ocrx_word' id='word_1_246' title='bbox 775 3695 964 3762; x_wconf 86' lang='lat' dir='ltr'><em>auctoritate</em></span> <span class='ocrx_word' id='word_1_247' title='bbox 988 3694 1193 3779; x_wconf 83' lang='lat' dir='ltr'><em>defenderet,</em></span> <span class='ocrx_word' id='word_1_248' title='bbox 1231 3695 1362 3761; x_wconf 81' lang='lat' dir='ltr'><em>‘librum</em></span> <span class='ocrx_word' id='word_1_249' title='bbox 1384 3696 1544 3762; x_wconf 84' lang='lat' dir='ltr'><em>maximae</em></span> <span class='ocrx_word' id='word_1_250' title='bbox 1567 3693 1755 3779; x_wconf 86' lang='lat' dir='ltr'><em>quantitatis</em></span> <span class='ocrx_word' id='word_1_251' title='bbox 1776 3714 1874 3759; x_wconf 90' lang='lat' dir='ltr'><em>manu</em></span> <span class='ocrx_word' id='word_1_252' title='bbox 1896 3695 1981 3760; x_wconf 87' lang='lat' dir='ltr'><em>anti-</em></span> 
     </span>
     <span class='ocr_line' id='line_1_27' title="bbox 349 3813 1980 3901; baseline 0 -22"><span class='ocrx_word' id='word_1_253' title='bbox 349 3815 463 3897; x_wconf 90' lang='lat' dir='ltr'><em>quaria</em></span> <span class='ocrx_word' id='word_1_254' title='bbox 485 3815 637 3901; x_wconf 88' lang='lat' dir='ltr'><em>scriptum</em></span> <span class='ocrx_word' id='word_1_255' title='bbox 661 3816 702 3883; x_wconf 88' lang='lat' dir='ltr'><em>de</em></span> <span class='ocrx_word' id='word_1_256' title='bbox 725 3822 795 3882; x_wconf 89' lang='lat' dir='ltr'><em>ortu</em></span> <span class='ocrx_word' id='word_1_257' title='bbox 817 3835 856 3881; x_wconf 92' lang='lat' dir='ltr'><em>ac</em></span> <span class='ocrx_word' id='word_1_258' title='bbox 877 3815 944 3882; x_wconf 85' lang='lat' dir='ltr'><em>vita</em></span> <span class='ocrx_word' id='word_1_259' title='bbox 967 3823 999 3881; x_wconf 92' lang='lat' dir='ltr'><em>et</em></span> <span class='ocrx_word' id='word_1_260' title='bbox 1021 3815 1191 3882; x_wconf 75' lang='lat' dir='ltr'><em>mrtutibus</em></span> <span class='ocrx_word' id='word_1_261' title='bbox 1213 3822 1308 3898; x_wconf 91' lang='lat' dir='ltr'><em>atque</em></span> <span class='ocrx_word' id='word_1_262' title='bbox 1331 3815 1418 3881; x_wconf 87' lang='lat' dir='ltr'><em>obitu</em></span> <span class='ocrx_word' id='word_1_263' title='bbox 1441 3815 1529 3882; x_wconf 89' lang='lat' dir='ltr'><em>beati</em></span> <span class='ocrx_word' id='word_1_264' title='bbox 1551 3815 1707 3899; x_wconf 87' lang='lat' dir='ltr'><em>Remigii’</em></span> <span class='ocrx_word' id='word_1_265' title='bbox 1738 3813 1830 3880; x_wconf 82' lang='lat' dir='ltr'><em>finxit</em></span> <span class='ocrx_word' id='word_1_266' title='bbox 1858 3836 1879 3881; x_wconf 94' lang='lat' dir='ltr'><em>a</em></span> <span class='ocrx_word' id='word_1_267' title='bbox 1901 3816 1980 3879; x_wconf 87' lang='lat' dir='ltr'><em>Fur-</em></span> 
     </span>
    </p>
   </div>
   <div class='ocr_carea' id='block_1_9' title="bbox 240 3934 1978 4036">
    <p class='ocr_par' dir='ltr' id='par_1_10' title="bbox 240 3934 1978 4036">
     <span class='ocr_line' id='line_1_28' title="bbox 240 3934 1978 4036; baseline 0.001 -36"><span class='ocrx_word' id='word_1_268' title='bbox 240 4032 241 4036; x_wconf 7' lang='lat'><em>*</em></span> <span class='ocrx_word' id='word_1_269' title='bbox 349 3941 460 4001; x_wconf 81' lang='lat' dir='ltr'><em>tunato</em></span> <span class='ocrx_word' id='word_1_270' title='bbox 487 3936 576 4002; x_wconf 89' lang='lat' dir='ltr'><em>iussu</em></span> <span class='ocrx_word' id='word_1_271' title='bbox 608 3936 716 4022; x_wconf 82' lang='lat' dir='ltr'><em>Egidii</em></span> <span class='ocrx_word' id='word_1_272' title='bbox 744 3936 887 4022; x_wconf 91' lang='lat' dir='ltr'><em>episcopi</em></span> <span class='ocrx_word' id='word_1_273' title='bbox 916 3935 950 4003; x_wconf 92' lang='lat' dir='ltr'><em>in</em></span> <span class='ocrx_word' id='word_1_274' title='bbox 979 3935 1203 4021; x_wconf 83' lang='lat' dir='ltr'><em>compendium</em></span> <span class='ocrx_word' id='word_1_275' title='bbox 1233 3934 1411 4002; x_wconf 89' lang='lat' dir='ltr'><em>redactum.</em></span> <span class='ocrx_word' id='word_1_276' title='bbox 1457 3936 1527 4014; x_wconf 83' lang='lat' dir='ltr'><em>Quo</em></span> <span class='ocrx_word' id='word_1_277' title='bbox 1557 3936 1641 4001; x_wconf 85' lang='lat' dir='ltr'><em>facta</em></span> <span class='ocrx_word' id='word_1_278' title='bbox 1671 3935 1859 4020; x_wconf 89' lang='lat' dir='ltr'><em>ampliorem</em></span> <span class='ocrx_word' id='word_1_279' title='bbox 1888 3936 1978 4001; x_wconf 90' lang='lat' dir='ltr'><em>illam</em></span> 
     </span>
    </p>
   </div>
   <div class='ocr_carea' id='block_1_10' title="bbox 349 4054 1974 4263">
    <p class='ocr_par' dir='ltr' id='par_1_11' title="bbox 349 4054 1974 4263">
     <span class='ocr_line' id='line_1_29' title="bbox 349 4054 1974 4143; baseline 0 -23"><span class='ocrx_word' id='word_1_280' title='bbox 349 4054 456 4121; x_wconf 86' lang='lat' dir='ltr'><em>Vitam</em></span> <span class='ocrx_word' id='word_1_281' title='bbox 485 4056 531 4123; x_wconf 89' lang='lat' dir='ltr'><em>ita</em></span> <span class='ocrx_word' id='word_1_282' title='bbox 560 4057 713 4124; x_wconf 89' lang='lat' dir='ltr'><em>oblivioni</em></span> <span class='ocrx_word' id='word_1_283' title='bbox 742 4057 850 4123; x_wconf 87' lang='lat' dir='ltr'><em>datam</em></span> <span class='ocrx_word' id='word_1_284' title='bbox 880 4076 967 4138; x_wconf 91' lang='lat' dir='ltr'><em>esse,</em></span> <span class='ocrx_word' id='word_1_285' title='bbox 1002 4063 1036 4122; x_wconf 92' lang='lat' dir='ltr'><em>ut</em></span> <span class='ocrx_word' id='word_1_286' title='bbox 1062 4077 1225 4143; x_wconf 88' lang='lat' dir='ltr'><em>perpauca</em></span> <span class='ocrx_word' id='word_1_287' title='bbox 1251 4062 1375 4123; x_wconf 87' lang='lat' dir='ltr'><em>tantum</em></span> <span class='ocrx_word' id='word_1_288' title='bbox 1398 4055 1476 4122; x_wconf 84' lang='lat' dir='ltr'><em>folia</em></span> <span class='ocrx_word' id='word_1_289' title='bbox 1496 4056 1647 4123; x_wconf 86' lang='lat' dir='ltr'><em>iniuriam</em></span> <span class='ocrx_word' id='word_1_290' title='bbox 1670 4056 1794 4123; x_wconf 87' lang='lat' dir='ltr'><em>saeculi</em></span> <span class='ocrx_word' id='word_1_291' title='bbox 1815 4055 1974 4123; x_wconf 89' lang='lat' dir='ltr'><em>tulissent.</em></span> 
     </span>
     <span class='ocr_line' id='line_1_30' title="bbox 350 4174 980 4263; baseline 0.003 -23"><span class='ocrx_word' id='word_1_292' title='bbox 350 4174 416 4241; x_wconf 90' lang='lat' dir='ltr'><em>Sed</em></span> <span class='ocrx_word' id='word_1_293' title='bbox 438 4175 604 4243; x_wconf 82' lang='lat' dir='ltr'><em>falsarium</em></span> <span class='ocrx_word' id='word_1_294' title='bbox 626 4177 731 4263; x_wconf 92' lang='lat' dir='ltr'><em>ipsum</em></span> <span class='ocrx_word' id='word_1_295' title='bbox 754 4177 868 4244; x_wconf 91' lang='lat' dir='ltr'><em>audire</em></span> <span class='ocrx_word' id='word_1_296' title='bbox 891 4177 980 4243; x_wconf 92' lang='lat' dir='ltr'><em>libet.</em></span> 
     </span>
    </p>
   </div>
   <div class='ocr_carea' id='block_1_11' title="bbox 393 4301 1982 5335">
    <p class='ocr_par' dir='ltr' id='par_1_12' title="bbox 393 4301 1982 5335">
     <span class='ocr_line' id='line_1_31' title="bbox 394 4301 1982 4399; baseline 0.001 -23"><span class='ocrx_word' id='word_1_297' title='bbox 394 4317 488 4395; x_wconf 83' lang='lat' dir='ltr'><em>Sicut,</em></span> <span class='ocrx_word' id='word_1_298' title='bbox 514 4314 677 4399; x_wconf 75' lang='lat' dir='ltr'><em>iuquit32),</em></span> <span class='ocrx_word' id='word_1_299' title='bbox 704 4338 724 4379; x_wconf 94' lang='lat' dir='ltr'><em>a</em></span> <span class='ocrx_word' id='word_1_300' title='bbox 745 4318 869 4381; x_wconf 86' lang='lat' dir='ltr'><em>senibus</em></span> <span class='ocrx_word' id='word_1_301' title='bbox 892 4319 982 4380; x_wconf 86' lang='lat' dir='ltr'><em>etiam</em></span> <span class='ocrx_word' id='word_1_302' title='bbox 1005 4318 1113 4378; x_wconf 86' lang='lat' dir='ltr'><em>aetatis</em></span> <span class='ocrx_word' id='word_1_303' title='bbox 1133 4326 1294 4396; x_wconf 85' lang='lat' dir='ltr'><em>provectae</em></span> <span class='ocrx_word' id='word_1_304' title='bbox 1315 4318 1394 4379; x_wconf 89' lang='lat' dir='ltr'><em>viris</em></span> <span class='ocrx_word' id='word_1_305' title='bbox 1410 4317 1574 4399; x_wconf 82' lang='lat' dir='ltr'><em>relipiosis,</em></span> <span class='ocrx_word' id='word_1_306' title='bbox 1589 4301 1654 4399; x_wconf 54' lang='lat' dir='ltr'><em>&#39;qai</em></span> <span class='ocrx_word' id='word_1_307' title='bbox 1668 4318 1705 4379; x_wconf 91' lang='lat' dir='ltr'><em>de</em></span> <span class='ocrx_word' id='word_1_308' title='bbox 1719 4325 1850 4399; x_wconf 87' lang='lat' dir='ltr'><em>tempore</em></span> <span class='ocrx_word' id='word_1_309' title='bbox 1869 4318 1982 4398; x_wconf 86' lang='lat' dir='ltr'><em>Tilpiai</em></span> 
     </span>
     <span class='ocr_line' id='line_1_32' title="bbox 393 4418 1979 4503; baseline 0.001 -24"><span class='ocrx_word' id='word_1_310' title='bbox 393 4418 480 4482; x_wconf 88' lang='lat' dir='ltr'><em>urbis</em></span> <span class='ocrx_word' id='word_1_311' title='bbox 501 4420 593 4484; x_wconf 83' lang='lat' dir='ltr'><em>liaias</em></span> <span class='ocrx_word' id='word_1_312' title='bbox 613 4423 771 4503; x_wconf 87' lang='lat' dir='ltr'><em>praesulis</em></span> <span class='ocrx_word' id='word_1_313' title='bbox 787 4423 886 4484; x_wconf 82' lang='lat' dir='ltr'><em>adliac</em></span> <span class='ocrx_word' id='word_1_314' title='bbox 901 4421 1051 4500; x_wconf 81' lang='lat' dir='ltr'><em>vivebant,</em></span> <span class='ocrx_word' id='word_1_315' title='bbox 1078 4420 1199 4502; x_wconf 88' lang='lat' dir='ltr'><em>quando</em></span> <span class='ocrx_word' id='word_1_316' title='bbox 1215 4423 1247 4482; x_wconf 90' lang='lat' dir='ltr'><em>ia</em></span> <span class='ocrx_word' id='word_1_317' title='bbox 1262 4422 1421 4483; x_wconf 82' lang='lat' dir='ltr'><em>servilium</em></span> <span class='ocrx_word' id='word_1_318' title='bbox 1436 4423 1525 4483; x_wconf 91' lang='lat' dir='ltr'><em>islias</em></span> <span class='ocrx_word' id='word_1_319' title='bbox 1540 4428 1664 4483; x_wconf 88' lang='lat' dir='ltr'><em>sanctae</em></span> <span class='ocrx_word' id='word_1_320' title='bbox 1679 4421 1842 4483; x_wconf 82' lang='lat' dir='ltr'><em>aecclesiae</em></span> <span class='ocrx_word' id='word_1_321' title='bbox 1856 4428 1979 4482; x_wconf 88' lang='lat' dir='ltr'><em>auclore</em></span> 
     </span>
     <span class='ocr_line' id='line_1_33' title="bbox 393 4523 1974 4608; baseline 0.001 -24"><span class='ocrx_word' id='word_1_322' title='bbox 393 4523 446 4585; x_wconf 91' lang='lat' dir='ltr'><em>deo</em></span> <span class='ocrx_word' id='word_1_323' title='bbox 466 4523 518 4606; x_wconf 71' lang='lat' dir='ltr'><em>fai</em></span> <span class='ocrx_word' id='word_1_324' title='bbox 538 4526 647 4588; x_wconf 89' lang='lat' dir='ltr'><em>electus</em></span> <span class='ocrx_word' id='word_1_325' title='bbox 663 4534 753 4608; x_wconf 81' lang='lat' dir='ltr'><em>alqnee</em></span> <span class='ocrx_word' id='word_1_326' title='bbox 764 4534 937 4607; x_wconf 85' lang='lat' dir='ltr'><em>provectus,</em></span> <span class='ocrx_word' id='word_1_327' title='bbox 963 4533 990 4586; x_wconf 93' lang='lat' dir='ltr'><em>el</em></span> <span class='ocrx_word' id='word_1_328' title='bbox 1002 4533 1108 4606; x_wconf 87' lang='lat' dir='ltr'><em>postea</em></span> <span class='ocrx_word' id='word_1_329' title='bbox 1120 4544 1179 4607; x_wconf 87' lang='lat' dir='ltr'><em>per</em></span> <span class='ocrx_word' id='word_1_330' title='bbox 1194 4525 1307 4606; x_wconf 89' lang='lat' dir='ltr'><em>aliquot</em></span> <span class='ocrx_word' id='word_1_331' title='bbox 1321 4543 1418 4586; x_wconf 89' lang='lat' dir='ltr'><em>annos</em></span> <span class='ocrx_word' id='word_1_332' title='bbox 1433 4525 1591 4601; x_wconf 81' lang='lat' dir='ltr'><em>vt&#39;oeerual,</em></span> <span class='ocrx_word' id='word_1_333' title='bbox 1613 4524 1698 4606; x_wconf 82' lang='lat' dir='ltr'><em>fideli</em></span> <span class='ocrx_word' id='word_1_334' title='bbox 1712 4525 1858 4585; x_wconf 87' lang='lat' dir='ltr'><em>relatione</em></span> <span class='ocrx_word' id='word_1_335' title='bbox 1872 4524 1974 4603; x_wconf 85' lang='lat' dir='ltr'><em>didici,</em></span> 
     </span>
     <span class='ocr_line' id='line_1_34' title="bbox 394 4629 1979 4711; baseline -0.001 -21"><span class='ocrx_word' id='word_1_336' title='bbox 394 4649 414 4690; x_wconf 93' lang='lat' dir='ltr'><em>a</em></span> <span class='ocrx_word' id='word_1_337' title='bbox 436 4631 502 4691; x_wconf 88' lang='lat' dir='ltr'><em>sais</em></span> <span class='ocrx_word' id='word_1_338' title='bbox 524 4630 691 4693; x_wconf 79' lang='lat' dir='ltr'><em>maioribus</em></span> <span class='ocrx_word' id='word_1_339' title='bbox 715 4629 882 4693; x_wconf 85' lang='lat' dir='ltr'><em>audierant</em></span> <span class='ocrx_word' id='word_1_340' title='bbox 904 4632 1037 4691; x_wconf 85' lang='lat' dir='ltr'><em>narrari</em></span> <span class='ocrx_word' id='word_1_341' title='bbox 1058 4649 1106 4692; x_wconf 90' lang='lat' dir='ltr'><em>eos</em></span> <span class='ocrx_word' id='word_1_342' title='bbox 1129 4630 1243 4693; x_wconf 77' lang='lat' dir='ltr'><em>vidisse</em></span> <span class='ocrx_word' id='word_1_343' title='bbox 1266 4629 1377 4692; x_wconf 86' lang='lat' dir='ltr'><em>libram</em></span> <span class='ocrx_word' id='word_1_344' title='bbox 1400 4631 1557 4690; x_wconf 74' lang='lat' dir='ltr'><em>mamistae</em></span> <span class='ocrx_word' id='word_1_345' title='bbox 1580 4629 1758 4711; x_wconf 82' lang='lat' dir='ltr'><em>quantitatis</em></span> <span class='ocrx_word' id='word_1_346' title='bbox 1780 4646 1874 4689; x_wconf 88' lang='lat' dir='ltr'><em>mana</em></span> <span class='ocrx_word' id='word_1_347' title='bbox 1897 4629 1979 4689; x_wconf 88' lang='lat' dir='ltr'><em>anti-</em></span> 
     </span>
     <span class='ocr_line' id='line_1_35' title="bbox 393 4731 1982 4816; baseline 0.001 -25"><span class='ocrx_word' id='word_1_348' title='bbox 393 4734 507 4815; x_wconf 84' lang='lat' dir='ltr'><em>quaria</em></span> <span class='ocrx_word' id='word_1_349' title='bbox 528 4735 676 4816; x_wconf 80' lang='lat' dir='ltr'><em>scriptum</em></span> <span class='ocrx_word' id='word_1_350' title='bbox 698 4734 735 4795; x_wconf 93' lang='lat' dir='ltr'><em>de</em></span> <span class='ocrx_word' id='word_1_351' title='bbox 756 4742 826 4796; x_wconf 90' lang='lat' dir='ltr'><em>orla</em></span> <span class='ocrx_word' id='word_1_352' title='bbox 848 4752 885 4795; x_wconf 89' lang='lat' dir='ltr'><em>ac</em></span> <span class='ocrx_word' id='word_1_353' title='bbox 907 4734 971 4795; x_wconf 87' lang='lat' dir='ltr'><em>vita</em></span> <span class='ocrx_word' id='word_1_354' title='bbox 993 4739 1022 4794; x_wconf 92' lang='lat' dir='ltr'><em>et</em></span> <span class='ocrx_word' id='word_1_355' title='bbox 1042 4732 1207 4795; x_wconf 85' lang='lat' dir='ltr'><em>virt-atibus</em></span> <span class='ocrx_word' id='word_1_356' title='bbox 1222 4741 1312 4815; x_wconf 85' lang='lat' dir='ltr'><em>atqve</em></span> <span class='ocrx_word' id='word_1_357' title='bbox 1327 4731 1407 4794; x_wconf 88' lang='lat' dir='ltr'><em>abila</em></span> <span class='ocrx_word' id='word_1_358' title='bbox 1422 4731 1502 4794; x_wconf 88' lang='lat' dir='ltr'><em>beati</em></span> <span class='ocrx_word' id='word_1_359' title='bbox 1515 4733 1644 4814; x_wconf 82' lang='lat' dir='ltr'><em>Ranipii</em></span> <span class='ocrx_word' id='word_1_360' title='bbox 1657 4732 1844 4794; x_wconf 78' lang='lat' dir='ltr'><em>sanctissimi</em></span> <span class='ocrx_word' id='word_1_361' title='bbox 1855 4733 1982 4812; x_wconf 87' lang='lat' dir='ltr'><em>patroni</em></span> 
     </span>
     <span class='ocr_line' id='line_1_36' title="bbox 393 4835 1979 4920; baseline 0.001 -23"><span class='ocrx_word' id='word_1_362' title='bbox 393 4839 501 4900; x_wconf 89' lang='lat' dir='ltr'><em>nostri.</em></span> <span class='ocrx_word' id='word_1_363' title='bbox 543 4841 604 4914; x_wconf 82' lang='lat' dir='ltr'><em>Qui</em></span> <span class='ocrx_word' id='word_1_364' title='bbox 623 4838 680 4901; x_wconf 82' lang='lat' dir='ltr'><em>liae</em></span> <span class='ocrx_word' id='word_1_365' title='bbox 703 4840 858 4901; x_wconf 81' lang='lat' dir='ltr'><em>occasione</em></span> <span class='ocrx_word' id='word_1_366' title='bbox 880 4837 1018 4919; x_wconf 89' lang='lat' dir='ltr'><em>deperiit,</em></span> <span class='ocrx_word' id='word_1_367' title='bbox 1044 4839 1187 4920; x_wconf 62' lang='lat' dir='ltr'><em>maniam</em></span> <span class='ocrx_word' id='word_1_368' title='bbox 1202 4837 1329 4920; x_wconf 78' lang='lat' dir='ltr'><em>Epidius</em></span> <span class='ocrx_word' id='word_1_369' title='bbox 1345 4844 1414 4918; x_wconf 87' lang='lat' dir='ltr'><em>post</em></span> <span class='ocrx_word' id='word_1_370' title='bbox 1429 4835 1547 4898; x_wconf 85' lang='lat' dir='ltr'><em>beatam</em></span> <span class='ocrx_word' id='word_1_371' title='bbox 1562 4835 1728 4917; x_wconf 79' lang='lat' dir='ltr'><em>Remipiam</em></span> <span class='ocrx_word' id='word_1_372' title='bbox 1744 4843 1875 4916; x_wconf 85' lang='lat' dir='ltr'><em>quartas</em></span> <span class='ocrx_word' id='word_1_373' title='bbox 1891 4836 1979 4898; x_wconf 84' lang='lat' dir='ltr'><em>istius</em></span> 
     </span>
     <span class='ocr_line' id='line_1_37' title="bbox 394 4937 1979 5025; baseline -0.002 -23"><span class='ocrx_word' id='word_1_374' title='bbox 394 4942 525 5003; x_wconf 89' lang='lat' dir='ltr'><em>civitatis</em></span> <span class='ocrx_word' id='word_1_375' title='bbox 552 4943 708 5024; x_wconf 86' lang='lat' dir='ltr'><em>episcopas</em></span> <span class='ocrx_word' id='word_1_376' title='bbox 735 4943 886 5025; x_wconf 85' lang='lat' dir='ltr'><em>quendam</em></span> <span class='ocrx_word' id='word_1_377' title='bbox 913 4944 1015 5004; x_wconf 79' lang='lat' dir='ltr'><em>viram</em></span> <span class='ocrx_word' id='word_1_378' title='bbox 1043 4942 1217 5024; x_wconf 79' lang='lat' dir='ltr'><em>relipiosam</em></span> <span class='ocrx_word' id='word_1_379' title='bbox 1243 4942 1362 5002; x_wconf 87' lang='lat' dir='ltr'><em>nomine</em></span> <span class='ocrx_word' id='word_1_380' title='bbox 1386 4943 1585 5003; x_wconf 79' lang='lat' dir='ltr'><em>Fortunatam</em></span> <span class='ocrx_word' id='word_1_381' title='bbox 1611 4939 1745 5001; x_wconf 75' lang='lat' dir='ltr'><em>metricis</em></span> <span class='ocrx_word' id='word_1_382' title='bbox 1767 4937 1905 5000; x_wconf 86' lang='lat' dir='ltr'><em>versibus</em></span> <span class='ocrx_word' id='word_1_383' title='bbox 1928 4941 1979 5000; x_wconf 88' lang='lat' dir='ltr'><em>in-</em></span> 
     </span>
     <span class='ocr_line' id='line_1_38' title="bbox 393 5041 1979 5129; baseline -0.002 -23"><span class='ocrx_word' id='word_1_384' title='bbox 393 5046 517 5127; x_wconf 78' lang='lat' dir='ltr'><em>sipnern,</em></span> <span class='ocrx_word' id='word_1_385' title='bbox 545 5047 597 5127; x_wconf 87' lang='lat' dir='ltr'><em>qai</em></span> <span class='ocrx_word' id='word_1_386' title='bbox 618 5067 638 5108; x_wconf 93' lang='lat' dir='ltr'><em>a</em></span> <span class='ocrx_word' id='word_1_387' title='bbox 659 5047 763 5110; x_wconf 89' lang='lat' dir='ltr'><em>multis</em></span> <span class='ocrx_word' id='word_1_388' title='bbox 782 5047 953 5129; x_wconf 86' lang='lat' dir='ltr'><em>potentibus</em></span> <span class='ocrx_word' id='word_1_389' title='bbox 976 5055 1004 5108; x_wconf 92' lang='lat' dir='ltr'><em>et</em></span> <span class='ocrx_word' id='word_1_390' title='bbox 1024 5043 1251 5107; x_wconf 76' lang='lat' dir='ltr'><em>honorabilitas</em></span> <span class='ocrx_word' id='word_1_391' title='bbox 1273 5046 1306 5105; x_wconf 88' lang='lat' dir='ltr'><em>in</em></span> <span class='ocrx_word' id='word_1_392' title='bbox 1328 5042 1376 5106; x_wconf 81' lang='lat' dir='ltr'><em>liis</em></span> <span class='ocrx_word' id='word_1_393' title='bbox 1393 5044 1520 5106; x_wconf 85' lang='lat' dir='ltr'><em>Gallicis</em></span> <span class='ocrx_word' id='word_1_394' title='bbox 1535 5051 1564 5106; x_wconf 85' lang='lat' dir='ltr'><em>et</em></span> <span class='ocrx_word' id='word_1_395' title='bbox 1578 5043 1707 5125; x_wconf 82' lang='lat' dir='ltr'><em>Belpicis</em></span> <span class='ocrx_word' id='word_1_396' title='bbox 1729 5041 1902 5125; x_wconf 81' lang='lat' dir='ltr'><em>repionibas</em></span> <span class='ocrx_word' id='word_1_397' title='bbox 1921 5060 1979 5123; x_wconf 88' lang='lat' dir='ltr'><em>per</em></span> 
     </span>
     <span class='ocr_line' id='line_1_39' title="bbox 393 5145 1978 5229; baseline -0.003 -20"><span class='ocrx_word' id='word_1_398' title='bbox 393 5148 519 5212; x_wconf 88' lang='lat' dir='ltr'><em>diversa</em></span> <span class='ocrx_word' id='word_1_399' title='bbox 542 5150 607 5212; x_wconf 90' lang='lat' dir='ltr'><em>loca</em></span> <span class='ocrx_word' id='word_1_400' title='bbox 630 5159 701 5213; x_wconf 89' lang='lat' dir='ltr'><em>tanc</em></span> <span class='ocrx_word' id='word_1_401' title='bbox 723 5153 804 5213; x_wconf 89' lang='lat' dir='ltr'><em>vilae</em></span> <span class='ocrx_word' id='word_1_402' title='bbox 826 5171 863 5214; x_wconf 90' lang='lat' dir='ltr'><em>ac</em></span> <span class='ocrx_word' id='word_1_403' title='bbox 885 5152 1030 5213; x_wconf 89' lang='lat' dir='ltr'><em>scientiae</em></span> <span class='ocrx_word' id='word_1_404' title='bbox 1052 5168 1126 5213; x_wconf 86' lang='lat' dir='ltr'><em>sane</em></span> <span class='ocrx_word' id='word_1_405' title='bbox 1148 5149 1254 5210; x_wconf 87' lang='lat' dir='ltr'><em>merila</em></span> <span class='ocrx_word' id='word_1_406' title='bbox 1270 5147 1470 5228; x_wconf 84' lang='lat' dir='ltr'><em>invitabatur,</em></span> <span class='ocrx_word' id='word_1_407' title='bbox 1495 5148 1580 5229; x_wconf 87' lang='lat' dir='ltr'><em>petiit</em></span> <span class='ocrx_word' id='word_1_408' title='bbox 1595 5147 1631 5209; x_wconf 93' lang='lat' dir='ltr'><em>de</em></span> <span class='ocrx_word' id='word_1_409' title='bbox 1646 5148 1746 5209; x_wconf 88' lang='lat' dir='ltr'><em>eodem</em></span> <span class='ocrx_word' id='word_1_410' title='bbox 1762 5145 1839 5208; x_wconf 81' lang='lat' dir='ltr'><em>libro</em></span> <span class='ocrx_word' id='word_1_411' title='bbox 1855 5153 1978 5208; x_wconf 73' lang='lat' dir='ltr'><em>ataine</em></span> 
     </span>
     <span class='ocr_line' id='line_1_40' title="bbox 395 5249 1975 5335; baseline -0.003 -20"><span class='ocrx_word' id='word_1_412' title='bbox 395 5253 554 5317; x_wconf 86' lang='lat' dir='ltr'><em>Gallicano</em></span> <span class='ocrx_word' id='word_1_413' title='bbox 581 5254 690 5317; x_wconf 85' lang='lat' dir='ltr'><em>dictata</em></span> <span class='ocrx_word' id='word_1_414' title='bbox 717 5263 820 5335; x_wconf 88' lang='lat' dir='ltr'><em>aperto</em></span> <span class='ocrx_word' id='word_1_415' title='bbox 848 5274 985 5318; x_wconf 89' lang='lat' dir='ltr'><em>sermone</em></span> <span class='ocrx_word' id='word_1_416' title='bbox 1008 5254 1114 5335; x_wconf 76' lang='lat' dir='ltr'><em>aliqua</em></span> <span class='ocrx_word' id='word_1_417' title='bbox 1136 5252 1289 5315; x_wconf 81' lang='lat' dir='ltr'><em>vtiracala</em></span> <span class='ocrx_word' id='word_1_418' title='bbox 1311 5270 1388 5333; x_wconf 82' lang='lat' dir='ltr'><em>qaae</em></span> <span class='ocrx_word' id='word_1_419' title='bbox 1410 5253 1442 5313; x_wconf 88' lang='lat' dir='ltr'><em>in</em></span> <span class='ocrx_word' id='word_1_420' title='bbox 1463 5251 1573 5333; x_wconf 88' lang='lat' dir='ltr'><em>populo</em></span> <span class='ocrx_word' id='word_1_421' title='bbox 1595 5253 1802 5313; x_wconf 84' lang='lat' dir='ltr'><em>recitarentur</em></span> <span class='ocrx_word' id='word_1_422' title='bbox 1823 5249 1975 5331; x_wconf 81' lang='lat' dir='ltr'><em>accipere,</em></span> 
     </span>
    </p>
   </div>
   <div class='ocr_carea' id='block_1_12' title="bbox 437 5560 1977 5643">
    <p class='ocr_par' dir='ltr' id='par_1_13' title="bbox 437 5560 1977 5643">
     <span class='ocr_line' id='line_1_41' title="bbox 437 5560 1977 5643; baseline -0.002 -30"><span class='ocrx_word' id='word_1_423' title='bbox 437 5564 478 5628; x_wconf 83' lang='lat'><em>31)</em></span> <span class='ocrx_word' id='word_1_424' title='bbox 501 5564 539 5615; x_wconf 84' lang='lat' dir='ltr'><em>et.</em></span> <span class='ocrx_word' id='word_1_425' title='bbox 562 5567 634 5626; x_wconf 83' lang='lat' dir='ltr'><em>Roth,</em></span> <span class='ocrx_word' id='word_1_426' title='bbox 656 5567 704 5615; x_wconf 88' lang='lat' dir='ltr'><em>Dle</em></span> <span class='ocrx_word' id='word_1_427' title='bbox 717 5566 892 5627; x_wconf 80' lang='lat' dir='ltr'><em>Filschungen</em></span> <span class='ocrx_word' id='word_1_428' title='bbox 908 5565 1042 5614; x_wconf 79' lang='lat' dir='ltr'><em>Hincmsrs</em></span> <span class='ocrx_word' id='word_1_429' title='bbox 1061 5578 1108 5613; x_wconf 87' lang='lat' dir='ltr'><em>van</em></span> <span class='ocrx_word' id='word_1_430' title='bbox 1121 5565 1224 5614; x_wconf 86' lang='lat' dir='ltr'><em>Rhetms</em></span> <span class='ocrx_word' id='word_1_431' title='bbox 1241 5566 1270 5613; x_wconf 87' lang='lat' dir='ltr'><em>ln</em></span> <span class='ocrx_word' id='word_1_432' title='bbox 1288 5577 1361 5626; x_wconf 81' lang='lat' dir='ltr'><em>opere</em></span> <span class='ocrx_word' id='word_1_433' title='bbox 1379 5562 1444 5626; x_wconf 88' lang='lat' dir='ltr'><em>quad</em></span> <span class='ocrx_word' id='word_1_434' title='bbox 1462 5562 1593 5625; x_wconf 84' lang='lat' dir='ltr'><em>inscripsit</em></span> <span class='ocrx_word' id='word_1_435' title='bbox 1611 5560 1760 5643; x_wconf 80' lang='lat' dir='ltr'><em>Gesehiehle</em></span> <span class='ocrx_word' id='word_1_436' title='bbox 1772 5561 1817 5610; x_wconf 85' lang='lat' dir='ltr'><em>des</em></span> <span class='ocrx_word' id='word_1_437' title='bbox 1830 5561 1977 5610; x_wconf 69' lang='lat' dir='ltr'><em>Beneficia·</em></span> 
     </span>
    </p>
   </div>
   <div class='ocr_carea' id='block_1_13' title="bbox 350 5652 1326 5804">
    <p class='ocr_par' dir='ltr' id='par_1_14' title="bbox 350 5652 1326 5804">
     <span class='ocr_line' id='line_1_42' title="bbox 350 5652 571 5715; baseline 0.018 -17"><span class='ocrx_word' id='word_1_438' title='bbox 350 5665 447 5702; x_wconf 76' lang='lat' dir='ltr'><em>warena</em></span> <span class='ocrx_word' id='word_1_439' title='bbox 464 5667 490 5715; x_wconf 82' lang='lat' dir='ltr'><em>p.</em></span> <span class='ocrx_word' id='word_1_440' title='bbox 511 5652 571 5702; x_wconf 71' lang='grc'>461.</span> 
     </span>
     <span class='ocr_line' id='line_1_43' title="bbox 437 5737 1326 5804; baseline 0.001 -17"><span class='ocrx_word' id='word_1_441' title='bbox 437 5738 478 5803; x_wconf 77' lang='lat'><em>³2)</em></span> <span class='ocrx_word' id='word_1_442' title='bbox 500 5740 630 5789; x_wconf 79' lang='lat' dir='ltr'><em>Hinemsri</em></span> <span class='ocrx_word' id='word_1_443' title='bbox 648 5739 711 5804; x_wconf 88' lang='lat' dir='ltr'><em>prol.</em></span> <span class='ocrx_word' id='word_1_444' title='bbox 732 5740 807 5789; x_wconf 77' lang='lat' dir='ltr'><em>Vitae</em></span> <span class='ocrx_word' id='word_1_445' title='bbox 825 5740 942 5801; x_wconf 81' lang='lat' dir='ltr'><em>Remigii,</em></span> <span class='ocrx_word' id='word_1_446' title='bbox 962 5740 1016 5788; x_wconf 80' lang='grc' dir='ltr'><em>ΑΔ.</em></span> <span class='ocrx_word' id='word_1_447' title='bbox 1038 5737 1084 5788; x_wconf 85' lang='lat' dir='ltr'><em>SS.</em></span> <span class='ocrx_word' id='word_1_448' title='bbox 1107 5738 1129 5786; x_wconf 88' lang='lat' dir='ltr'><em>l.</em></span> <span class='ocrx_word' id='word_1_449' title='bbox 1150 5739 1205 5788; x_wconf 85' lang='lat' dir='ltr'><em>Oct.</em></span> <span class='ocrx_word' id='word_1_450' title='bbox 1226 5739 1247 5799; x_wconf 89' lang='lat'><em>1,</em></span> <span class='ocrx_word' id='word_1_451' title='bbox 1269 5737 1326 5788; x_wconf 84' lang='lat'><strong>131.</strong></span> 
     </span>
    </p>
   </div>
   <div class='ocr_carea' id='block_1_14' title="bbox 0 0 2192 6181">
    <p class='ocr_par' dir='ltr' id='par_1_15' title="bbox 0 0 2192 6181">
     <span class='ocr_line' id='line_1_44' title="bbox 0 0 2192 6181; baseline 0 0"><span class='ocrx_word' id='word_1_452' title='bbox 0 0 2192 6181; x_wconf 95' lang='lat' dir='ltr'><em> </em></span> 
     </span>
    </p>
   </div>
  </div>
 </body>
</html>
