4374 6186
873 411 1073 468 chunlnvn
1092 412 1163 468 LlB.
1184 411 1205 466 i.

566 601 679 667 tertius
701 622 722 666 a
744 601 866 666 decimo
889 601 964 667 huic
985 601 1054 668 urhi
1077 601 1211 668 antistes
1233 601 1378 681 haberis,

484 723 515 763 ro
653 704 712 769 sed
733 705 854 788 primus
875 705 996 771 meritis
1019 705 1253 770 enumerandus
1276 705 1350 770 eris.

567 807 688 891 templa
709 814 836 872 vetusta
857 807 910 873 dei
934 807 1090 873 revocasti
1112 806 1145 871 in
1168 807 1305 872 culmine
1328 806 1446 891 prisco,

654 915 787 994 postque
810 928 903 973 suum
925 910 1051 994 lapsum
1074 930 1157 975 nunc
1180 911 1313 975 meliora
1335 910 1478 994 placent:

568 1010 645 1078 flore
666 1012 841 1079 iuventutis
862 1012 951 1078 senio
975 1013 1118 1096 fugiente
1141 1021 1309 1080 coruscant

655 1124 687 1182 et
708 1117 766 1182 tibi
790 1117 876 1182 laeta
899 1116 1022 1199 favent,
1049 1137 1112 1199 quo
1135 1124 1308 1183 renovante
1331 1118 1444 1183 virent.

571 1226 603 1285 ut
625 1227 659 1286 tu
682 1222 755 1305 plus
777 1239 910 1303 ageres,
935 1219 1085 1286 incendia
1106 1226 1192 1286 tecta
1214 1227 1393 1286 cremarunt

656 1331 688 1389 et
709 1344 792 1390 nunc
816 1323 911 1389 laude
933 1329 991 1388 tua
1012 1322 1177 1407 pulchrius
1199 1323 1256 1389 illa
1278 1323 1413 1399 micant,

569 1427 723 1508 nullaque
744 1424 990 1492 flammicremae
1012 1434 1182 1492 senserunt
1203 1426 1321 1491 damna
1342 1427 1469 1508 ruinae,

655 1550 738 1613 quae
760 1530 853 1596 modo
876 1536 948 1614 post
968 1530 1062 1612 ignes
1085 1530 1204 1594 iumine
1226 1531 1323 1615 plena
1344 1529 1456 1596 nitent.

571 1633 665 1699 credo
687 1633 773 1715 quod
795 1653 836 1699 ex
859 1653 931 1698 sese
954 1633 1130 1698 voluissent
1151 1632 1222 1717 ipsa
1245 1633 1395 1711 cremari,

657 1742 691 1801 ut
713 1735 803 1801 labor
824 1735 880 1801 ille
903 1743 977 1801 tuus
999 1736 1079 1802 haec
1100 1736 1233 1801 meliora
1255 1735 1361 1802 daret:

571 1846 643 1922 post
665 1837 789 1903 cineres
811 1845 1000 1923 consumpta
1022 1857 1097 1904 suos
1119 1844 1294 1920 tenuesque
1315 1838 1446 1903 favillas

656 1941 702 2007 sic
724 1941 806 2007 solet
827 1948 860 2006 et
881 1941 1027 2006 Phoenix
1050 1960 1085 2007 se
1108 1961 1260 2006 renovare
1284 1961 1388 2007 senes.

572 2045 748 2110 instaurata
769 2043 867 2110 etiam
889 2045 973 2109 sacri
995 2052 1046 2110 est
1065 2044 1267 2129 baptismatis
1289 2045 1382 2112 auia.

658 2168 719 2230 quo
741 2149 886 2213 maculas
908 2156 1033 2213 veteres
1055 2147 1127 2212 sons
1149 2148 1237 2212 lavat
1260 2169 1342 2213 unns
1364 2149 1468 2232 aquis.

490 2273 520 2311 aa
573 2271 646 2317 ecce
669 2253 765 2317 beata
788 2270 899 2317 sacrae
923 2250 1066 2316 fundasti
1088 2252 1209 2335 templa
1231 2252 1368 2331 Mariae,

659 2375 721 2419 nox
744 2354 798 2419 nbi
820 2355 905 2420 victa
926 2353 1009 2437 fugit
1031 2373 1158 2438 semper
1178 2354 1326 2420 habendo
1348 2355 1445 2420 diem.

573 2458 693 2524 lumine
715 2459 812 2543 plena
833 2457 957 2522 micans
978 2457 1102 2524 imitata
1124 2464 1174 2523 est
1194 2458 1270 2522 aula
1293 2458 1443 2523 Mariam:

659 2562 717 2629 ilia
738 2568 828 2626 utero
850 2562 952 2626 lucem
976 2560 1091 2625 clausit
1113 2568 1145 2626 et
1166 2561 1229 2625 ista
1251 2560 1353 2626 diem:

574 2685 633 2729 neo
655 2665 756 2728 solum
780 2662 850 2737 hic,
876 2663 934 2729 sed
957 2662 1076 2746 ubique
1098 2663 1217 2728 micant
1238 2669 1296 2728 tua
1317 2664 1455 2748 templa,
1481 2662 1648 2731 sacerdos.

657 2767 740 2832 inter
762 2786 844 2850 quae
866 2766 1024 2851 plaudens
1047 2768 1205 2831 Santonus
1229 2766 1287 2831 illa
1309 2765 1413 2832 docet.

573 2871 627 2955 qui
649 2871 719 2935 loca
741 2871 801 2936 (las
823 2868 970 2954 populis,
996 2869 1051 2934 ubi
1073 2868 1233 2935 Christum
1256 2868 1373 2952 iugiter
1394 2878 1501 2950 orent,

658 2973 743 3038 unde
767 2973 856 3038 salus
879 2972 988 3038 veniat
1008 2978 1041 3037 te
1063 2971 1142 3037 facis
1165 2991 1237 3039 esse
1259 2972 1361 3037 viaun

573 3076 794 3159 ecclesiaeque
818 3074 930 3140 domus
953 3082 1115 3141 crescente
1138 3075 1303 3141 cacumine
1326 3075 1425 3160 pollet

659 3185 691 3245 et
712 3180 826 3264 prohat
848 3198 921 3243 esse
943 3187 1049 3261 tuum,
1076 3178 1160 3262 quod
1182 3180 1276 3245 modo
1298 3179 1385 3244 culta
1407 3179 1521 3264 placet.

498 3308 503 3343 r
574 3282 678 3349 fecisti
700 3289 736 3348 ut
756 3282 856 3348 libeat
876 3288 1005 3349 cunctos
1028 3281 1090 3346 huc
1112 3302 1237 3348 currere
1259 3283 1348 3350 cives

660 3392 692 3452 et
713 3385 826 3450 (lomus
848 3404 912 3450 una
933 3391 1025 3450 vocet
1046 3384 1198 3468 quicquid
1220 3385 1254 3450 in
1277 3388 1353 3453 urhe
1376 3395 1494 3452 manet.

575 3489 694 3554 ornasti
717 3488 852 3573 patriam
874 3487 926 3553 oui
948 3487 1032 3553 dona
1054 3489 1207 3572 perennia
1228 3496 1391 3573 praestas,

659 3600 693 3658 tu
716 3612 842 3675 qnoque
865 3590 1021 3657 dicendus
1043 3592 1284 3675 Burdogalense
1307 3593 1423 3659 decus:

575 3702 726 3779 quantum
748 3695 830 3762 iuter
851 3694 993 3776 reliquas
1015 3700 1111 3778 caput
1132 3694 1213 3760 haec
1234 3715 1331 3781 super
1353 3694 1468 3762 extulit
1489 3697 1600 3762 urbes.

492 3824 521 3862 ro
659 3805 782 3865 tantum
805 3798 971 3883 pontifices
994 3797 1095 3885 vincis
1117 3798 1236 3864 honore
1258 3798 1396 3883 gradus:

574 3903 725 3969 inferiora
746 3903 836 3969 velut
859 3908 933 3967 sunt
953 3900 1084 3967 flumina
1106 3909 1221 3968 cuncta
1243 3902 1431 3981 Garunnae,

660 4027 723 4071 non
744 4006 840 4072 aliter
861 4003 952 4070 vobis
975 4004 1120 4071 subiacet
1142 4005 1245 4070 omnis
1267 4026 1361 4091 apex.

581 4110 720 4192 {Rhenus
742 4109 783 4174 ab
806 4108 888 4193 Alpe
911 4127 1022 4173 means
1044 4128 1148 4190 neque
1170 4107 1268 4174 tantis
1290 4116 1417 4194 spumat
1439 4109 1590 4192 lateris,

661 4212 772 4277 sortior
794 4210 972 4276 Hadriacas
994 4230 1053 4276 nec
1075 4210 1183 4277 Padus
1205 4211 1302 4277 intrat
1323 4232 1442 4295 aquas:

494 4339 523 4378 rr,
576 4316 741 4382 Danuvius
763 4335 822 4399 par
844 4320 909 4395 ost,
936 4313 1012 4397 quia
1033 4312 1160 4397 longius
1183 4313 1284 4396 egerit
1306 4314 1425 4380 undas:

662 4419 742 4484 haec
764 4437 824 4501 ego
846 4416 1045 4494 transcendi;
1071 4415 1177 4482 iudico
1199 4423 1274 4482 nota
1295 4416 1396 4501 mihi.)

315 4806 347 4855 ³9
365 4807 436 4855 uerbi
458 4801 516 4852 G¹V
598 4805 704 4852 antistes
725 4798 805 4868 ont]
823 4803 928 4850 antestis
947 4799 1092 4848 ACMDVR
1178 4799 1206 4849 41
1229 4802 1322 4863 templa
1339 4808 1409 4850 net:
1431 4803 1453 4849 lu
1470 4816 1503 4850 ue
1521 4804 1538 4851 ι’.
1558 4816 1607 4851 ruo.
1629 4798 1660 4848 (Γ)
1748 4804 1781 4852 44
1799 4799 1860 4871 qno]

248 4907 310 4955 quae
331 4890 388 4939 G¹V
490 4890 523 4939 45
541 4889 612 4952 plus:
638 4890 761 4952 petet.
781 4901 830 4935 rus.
855 4887 961 4935 imo
1064 4886 1097 4935 46
1115 4891 1172 4934 ante
1189 4887 1262 4935 laude
1279 4888 1416 4936 ποιαί)
1517 4888 1668 4949 pulcrlutli
1770 4889 1802 4938 4ῖ
1822 4887 1861 4957 4.]

248 4980 362 5027 lacrimae
381 4976 425 5037 Di,
446 4978 572 5025 haeremus
591 4973 628 5021 Da
731 4974 876 5036 dampnari
989 4971 1022 5021 48
1041 4967 1108 5039 post]
1127 4985 1171 5033 per
1192 4971 1251 5019 G¹V
1354 4967 1449 5039 nitent]
1468 4975 1561 5022 micent
1579 4973 1622 5021 BL
1733 4973 1766 5023 49
1783 4972 1861 5042 quod]

247 5068 306 5128 quia
325 5065 369 5112 BL
472 5063 607 5111 uoluissiut
627 5060 694 5122 0¹M,
715 5061 836 5108 uoluisset
857 5058 914 5105 G¹V
1016 5058 1045 5107 51
1067 5060 1205 5120 tenuisque
1225 5058 1254 5102 θ’
1359 5057 1391 5107 52
1410 5072 1482 5107 cenes
1502 5056 1708 5127 nonnette]
1727 5063 1797 5112 souis
1818 5060 1859 5120 62,

248 5166 326 5201 tenen
345 5147 466 5211 hucin,
574 5148 605 5197 56
625 5149 692 5195 uicta
710 5162 739 5195 cc
756 5146 809 5194 ultu
830 5145 858 5190 0¹
963 5145 993 5192 57
1012 5146 1106 5193 luminu
1124 5143 1182 5191 G¹V
1283 5146 1376 5193 micant
1394 5146 1481 5193 semita
1499 5152 1539 5194 est
1556 5161 1579 5194 a.
1599 5148 1675 5195 marla
1695 5147 1715 5193 Ρ
1741 5151 1804 5210 imp.
1824 5155 1863 5197 est

247 5252 293 5287 m.
309 5251 357 5285 non
374 5232 411 5295 021
500 5234 533 5282 60
552 5231 787 5282 muctcuusGVBL
873 5230 1074 5290 sortiilnriadit
1160 5230 1193 5279 63
1211 5230 1409 5279 cacuminuilol
1497 5232 1529 5281 64
1548 5232 1631 5294 quoi?
1716 5234 1749 5283 65
1766 5231 1861 5301 iruna]

248 5319 523 5382 hooc.,oedhcrus.0
618 5320 651 5369 66
668 5319 792 5381 quidquid
808 5316 922 5378 (ΑΜΒΚ)
1022 5317 1054 5365 ot
1073 5317 1330 5368 achimaam?
1416 5319 1542 5379 peccunia
1553 5318 1584 5365 Β1
1666 5318 1863 5381 pronunciari

247 5414 394 5472 praestato.
409 5409 531 5456 hincm
543 5403 576 5453 64
678 5405 711 5455 68
729 5405 902 5465 bnrdegaiinse
920 5403 947 5449 Μ
1048 5402 1080 5451 69
1099 5399 1171 5471 hacc]
1188 5404 1286 5464 exCV,
1305 5405 1457 5453 bracteas.
1473 5404 1586 5454 attico
1689 5406 1799 5467 extollit,
1820 5406 1861 5453 ml

246 5496 339 5557 priori
357 5509 428 5542 muso
448 5494 467 5540 C
603 5492 632 5540 il
653 5492 732 5540 ueluti
751 5489 793 5550 13¹,
813 5504 874 5538 corr.
895 5488 925 5535 13¹
1058 5503 1183 5549 gsrounoe
1204 5488 1232 5536 0¹
1370 5489 1402 5539 72
1422 5490 1493 5538 nohis
1512 5489 1546 5535 D¹
1667 5490 1774 5539 subiicit
1793 5491 1865 5538 lior

249 5581 281 5630 '13
300 5582 385 5630 Renus
404 5580 450 5628 AC
552 5577 887 5639 habeniscs.l'1,93‚ro
1001 5576 1032 5624 74
1050 5576 1198 5624 adrisi-seh
1311 5575 1342 5624 75
1363 5576 1493 5623 Danubius
1510 5574 1555 5622 GL
1657 5568 1715 5637 qnia
1735 5576 1780 5622 ΑΡ
1800 5582 1861 5638 incip.

250 5680 342 5715 saus.
363 5672 419 5714 sut
435 5665 497 5722 oid.)
520 5661 606 5730 ltov]
625 5666 668 5726 qui
688 5662 805 5710 DBLRF
917 5663 993 5720 egerit
1016 5657 1157 5727 cuntot]
1174 5668 1258 5715 aieret
1277 5659 1368 5715 41)(41,
1388 5666 1471 5721 egerat
1489 5662 1518 5721 Ρ,
1537 5668 1588 5710 erut
1607 5661 1628 5708 R
1749 5661 1780 5708 iti
1799 5670 1861 5711 tran·

249 5754 320 5801 cendi
340 5753 373 5801 n.
393 5751 557 5800 transcendes
580 5753 648 5811 (erus.
669 5751 687 5809 i,
707 5752 753 5797 nti.
774 5750 811 5798 iit.
832 5750 950 5795 inretitam
969 5762 983 5790 o
1001 5763 1032 5794 on
1053 5752 1073 5793 ai
1098 5748 1117 5789 Γ
1219 5748 1316 5795 irnlicoo
1337 5749 1436 5807 (eroa'i
1455 5750 1475 5804 ‚⁹,1
1500 5745 1521 5792 6

328 5852 451 5892 testona
467 5850 610 5891 sosarmus
