4374 6186
908 400 1001 456 VITA
1019 400 1157 456 SANOTI
1175 400 1362 456 duonum.
1906 402 1946 463 73

319 600 442 658 ternam
472 591 615 674 requiem
638 598 803 675 praestare
826 589 1028 673 dignaretur,
1063 599 1221 672 quatenus
1244 591 1298 673 qui
1321 590 1433 675 templi
1456 589 1526 654 eius
1549 589 1656 673 spatia
1678 589 1812 654 deuotus
1835 595 1948 653 exten-

321 694 401 760 dens
435 694 477 759 ad
511 694 641 759 excelsa
674 691 796 777 fastigii
829 694 972 777 tigmena
1005 701 1192 778 sumptuoso
1222 692 1336 758 decore
1367 691 1533 777 produxit,
1572 692 1684 758 eodem
1712 690 1943 769 intercedente,

321 805 449 864 servato
477 797 615 864 culmine
643 796 725 881 regii
755 796 971 876 deadematis,
1006 795 1257 882 praetendantur
1280 805 1406 880 sceptra
1428 795 1538 878 regiae
1561 795 1729 879 potestatis
1752 815 1791 860 ao
1815 793 1947 879 perinde

320 900 494 966 medellam
523 899 650 985 populis
681 919 858 984 pacemque
888 899 1007 965 tribuat
1037 899 1209 979 universis,
1243 898 1385 964 conferat
1414 900 1511 964 etiam
1541 918 1598 982 pro
1620 898 1814 964 delectorum
1837 897 1948 962 indul·
2020 877 2046 902 ³

287 1004 431 1087 egentia
464 1002 586 1070 cunctis
619 1004 771 1087 generale
802 1001 998 1087 praesidium
1026 1004 1082 1084 qui
1113 1002 1260 1086 speciale
1281 1001 1506 1067 sollemnitatis
1537 1020 1614 1066 suae
1644 1000 1762 1067 mundo
1789 1000 1949 1085 praestitit

321 1113 550 1185 ornamentum,
579 1107 630 1173 cui
653 1113 703 1172 est
725 1107 824 1171 bonor
846 1114 879 1170 et
901 1105 1014 1189 gloria,
1041 1105 1113 1170 laus
1137 1111 1168 1170 et
1190 1105 1357 1190 imperium
1381 1124 1438 1189 per
1453 1112 1568 1171 cuncta
1584 1105 1714 1170 saecula
1734 1105 1945 1170 saeculorum.

321 1210 435 1277 Arnen.

355 1351 357 1357 ·
413 1314 475 1397 (38)
501 1313 731 1377 Fourvuarvs
754 1311 933 1397 praesbiter
955 1310 1123 1395 conposuit
1144 1310 1224 1377 haec
1248 1313 1314 1376 vita
1337 1310 1389 1375 rel
1413 1317 1503 1375 actus
1526 1311 1629 1376 sancti
1652 1311 1808 1376 bledardi.

823 2007 957 2104 uiri
989 2006 1183 2105 alacri
1215 2006 1445 2105 incurri.

274 2259 302 2299 ro
414 2239 453 2320 (1)
488 2239 591 2322 Igitur
622 2238 833 2316 beatissimus
857 2237 1018 2303 Leobinus
1047 2237 1248 2303 Pictavorum
1282 2239 1370 2303 urbis
1403 2237 1558 2322 indigena
1592 2238 1699 2322 dignis
1731 2238 1835 2304 extitit
1864 2233 1989 2304 ortursI

323 2342 531 2427 parentibus,
564 2342 680 2424 quibus
709 2348 817 2407 tantae
845 2340 1034 2406 humilitatis
1058 2340 1226 2406 deuotione
1249 2360 1283 2405 se
1306 2341 1465 2420 subdidit,
1499 2348 1534 2407 ut
1554 2341 1588 2406 in
1610 2341 1747 2426 pueritia
1769 2341 1952 2426 primaeuae

323 2444 440 2510 aetatis
470 2443 594 2528 positus
625 2463 683 2528 per
711 2444 771 2509 hoc
801 2443 962 2509 diceretur
993 2443 1115 2509 meritis
1145 2444 1351 2527 approbatus.
1404 2445 1443 2526 (1)
1471 2443 1532 2511 Η11
1554 2446 1656 2511 bonae
1678 2443 1795 2509 indolis
1818 2444 1850 2508 in
1873 2443 1952 2509 ado-

322 2547 478 2613 lescentia
506 2546 638 2627 florens,
674 2546 900 2613 discendarum
931 2566 1020 2612 amor
1049 2546 1226 2612 litterarum
1257 2546 1327 2612 eius
1351 2548 1539 2613 versabatur
1560 2547 1593 2613 in
1616 2554 1760 2632 pectore,
1783 2550 1828 2620 'ut
1851 2547 1952 2612 sancti

323 2650 453 2735 spiritus
476 2650 582 2734 gratia
605 2650 696 2732 quasi
720 2650 854 2716 caelesti
877 2651 962 2716 nube
987 2650 1218 2728 circumdatus,
1256 2650 1331 2715 dum
1354 2651 1453 2716 boves
1477 2659 1620 2717 servaret
1641 2650 1676 2715 in
1698 2650 1841 2735 pascuis,
1876 2670 1953 2716 con-

276 2772 304 2813 11
322 2753 398 2836 tigit
419 2761 455 2819 ut
475 2753 720 2843 Noidgelinsem
743 2753 936 2818 monachum
960 2752 1021 2818 sibi
1045 2751 1173 2818 obvium
1196 2752 1423 2837 deprecaretur
1446 2753 1570 2819 litteras
1593 2752 1655 2818 sibi
1679 2752 1851 2818 discendas
1874 2753 1953 2817 scri-

321 2856 408 2921 bere.
457 2856 612 2934 Quicum
635 2876 700 2922 non
723 2856 856 2921 baberet
880 2855 999 2921 codicis
1023 2862 1079 2920 aut
1100 2855 1281 2920 tabularum
1305 2855 1572 2939 supplementum,
1604 2861 1697 2941 prout
1720 2854 1822 2940 potuit
1843 2855 1952 2939 apices

321 2960 356 3024 in
386 2958 515 3043 cingulo
546 2958 685 3043 scripsit.
735 2959 776 3042 (3)
804 2957 898 3035 Quod
920 2958 1029 3040 utique
1053 2958 1259 3042 praesagium
1283 2958 1413 3025 divinae
1436 2958 1566 3042 pietatis
1588 2958 1731 3023 misterio
1754 2966 1860 3024 actum
1884 2977 1953 3024 cre-

323 3061 447 3142 dimus,
479 3069 514 3127 ut
542 3062 597 3144 qui
629 3061 738 3128 multis
768 3067 837 3127 erat
867 3060 1052 3145 profutums
1082 3061 1125 3126 ad
1155 3062 1339 3146 exemplum
1370 3061 1542 3142 eastitatis,
1578 3061 1648 3146 ipse
1671 3061 1848 3126 caelibatus
1871 3081 1952 3128 zona

322 3164 537 3231 circumdatus
567 3164 715 3231 candoris
745 3165 846 3229 instar
875 3163 1048 3247 fraglantia
1078 3163 1137 3228 lilii
1168 3163 1252 3229 cirea
1282 3183 1376 3229 renes
1406 3164 1540 3230 haberet
1570 3164 1731 3247 cingulum
1764 3164 1879 3230 litteris
1902 3165 1953 3230 in-

271 3286 302 3328 11
324 3266 475 3351 scripturn
506 3267 663 3334 veritatis.
716 3269 756 3351 (4)
785 3268 902 3333 Postea
931 3286 1007 3332 vero
1036 3286 1108 3332 cum
1131 3274 1223 3351 pater
1245 3266 1428 3332 huiusmodi
1451 3267 1640 3333 aviditatem
1663 3266 1808 3333 discendi
1830 3267 1864 3332 in
1887 3267 1952 3334 filio

323 3371 544 3454 comperisset,
580 3371 759 3437 litterarum
790 3371 895 3435 lineas
925 3369 960 3433 in
991 3369 1110 3433 tabulis
1139 3368 1207 3434 iieri
1238 3369 1394 3449 decrevit,
1431 3370 1482 3435 cui
1512 3377 1634 3436 tantum
1658 3370 1774 3436 exinde
1798 3372 1952 3454 processit
2010 3452 2015 3457 .

323 3470 476 3551 studium,
510 3480 543 3537 ut
572 3481 740 3555 utrumque
771 3474 892 3555 qaritei·
922 3479 1047 3556 ageret,
1083 3471 1233 3537 videlicet
1262 3479 1296 3538 ut
1319 3480 1350 3538 et
1371 3473 1562 3539 laborationi
1584 3473 1745 3539 insisteret
1768 3481 1800 3539 et
1822 3473 1951 3540 lectioni

322 3593 453 3658 operam
484 3574 590 3641 daret:
625 3577 671 3641 sic
699 3576 783 3642 inter
812 3575 940 3642 colendi
961 3575 1149 3641 instantiam
1172 3583 1204 3640 et
1226 3575 1356 3658 legendi
1380 3575 1592 3657 frequentiam
1616 3575 1765 3641 sedulum
1788 3575 1953 3642 dividebat

323 3675 474 3740 officium.
532 3679 570 3760 (5)
599 3678 658 3743 His
688 3679 807 3763 quippe
837 3679 963 3744 duobus
991 3677 1116 3745 actibus
1146 3678 1438 3763 praefigurabatur,
1474 3685 1509 3743 ut
1539 3698 1596 3763 per
1625 3679 1841 3761 agriculturae
1872 3698 1952 3763 opus

271 3797 303 3839 rs
323 3778 507 3844 obedientia
541 3786 689 3845 strenuus
723 3780 848 3845 futurus
877 3780 1073 3847 indicaretur
1103 3781 1277 3847 monachus
1308 3788 1340 3846 et
1368 3801 1425 3866 per
1455 3780 1600 3846 discendi
1630 3780 1769 3846 studium
1800 3787 1952 3846 uenturus

327 3973 438 3977 ——..
523 3972 737 3979 —-————

409 4089 424 4139 8
445 4092 548 4140 Fortun.
571 4105 648 4140 cerm.
670 4091 708 4151 11,
732 4094 771 4152 ld,
795 4093 860 4140 165:
1287 4149 1294 4156 .

805 4178 877 4238 haee,
899 4179 953 4240 ple,
972 4192 1051 4240 pauca
1069 4180 1151 4227 ferens
1170 4193 1215 4240 ego
1234 4179 1387 4227 Fortunatus
1405 4191 1488 4226 amore

873 4265 998 4313 auxillum
1018 4279 1106 4328 posco:
1128 4265 1159 4314 da
1179 4266 1241 4314 mihi
1260 4272 1325 4325 rota,
1346 4278 1437 4326 precor.

410 4554 419 4602 1
441 4554 561 4615 dignetur
581 4552 625 4600 ,qu
730 4559 864 4629 extendite
884 4557 921 4604 Mt
1040 4557 1195 4619 2perduxit
1215 4555 1257 4603 lil²
1371 4559 1470 4617 {tregia
1491 4555 1536 4617 M1,
1558 4557 1648 4618 regalis
1668 4553 1709 4602 ,li²
1826 4557 1952 4605 iuriiuit

322 4639 358 4687 Mt
490 4637 545 4707 pro]
565 4638 655 4699 M²OP
783 4644 956 4705 indulgentiae
973 4645 1089 4704 generale
1109 4641 1139 4701 0¹
1280 4643 1295 4691 5
1315 4645 1423 4705 speciale
1443 4641 1471 4689 ll
1600 4638 1702 4708 mundo]
1720 4656 1769 4690 our.
1787 4641 1817 4701 (l,
1839 4642 1911 4690 bodie
1932 4642 1953 4688 P

319 4725 336 4775 6
355 4727 447 4774 cui-
466 4726 480 4773 1
500 4723 587 4794 amen]
606 4726 666 4789 ΜΒ,
686 4731 838 4778 caelebratur
855 4730 910 4779 dies
928 4731 1019 4778 naulis
1038 4731 1093 4778 eiua
1112 4734 1184 4777 sexto
1202 4726 1259 4780 idda
1277 4730 1369 4778 lunias.
1403 4735 1523 4790 regnante
1541 4729 1591 4778 dud
1610 4731 1641 4778 nd
1660 4729 1705 4777 ibri
1721 4728 1773 4791 fp‘o
1790 4730 1832 4778 cui
1850 4738 1889 4777 est
1907 4729 1951 4777 ho·

250 4812 253 4819 '
321 4826 365 4860 nor
383 4816 409 4860 et
426 4814 503 4873 gloria
521 4815 547 4861 ln
566 4816 651 4863 secula
669 4816 818 4864 seculorum.
852 4829 924 4864 amen
945 4816 1060 4877 (explicit
1079 4817 1131 4864 uita
1150 4815 1185 4863 se’r
1204 4815 1315 4864 medardi
1333 4814 1392 4865 odd.
1411 4811 1451 4877 0²)
1476 4813 1510 4876 0,
1538 4829 1602 4877 quae
1626 4820 1715 4863 cuncta
1739 4816 1871 4878 praeconia
1891 4822 1951 4864 sunt

320 4911 369 4945 non
392 4898 463 4946 modo
482 4900 537 4948 eiua
556 4901 600 4962 qui
620 4902 729 4962 accepit,
757 4909 785 4949 ut
803 4901 895 4962 dignus
917 4902 1022 4965 (accepit
1040 4902 1160 4962 indiguus
1178 4901 1209 4963 R)
1231 4902 1662 4964 [1111111111111111110111111111,
1685 4901 1728 4949 sed
1747 4904 1832 4963 potius
1850 4909 1950 4950 sanetae

320 4989 346 5030 et
364 4985 537 5047 inseparabilis
556 4987 679 5034 trinitatis
700 4988 809 5048 (trinitas
828 4986 871 5048 a),
892 4989 934 5036 cui
953 4994 992 5036 est
1014 4988 1094 5048 (culus
1112 4987 1143 5047 R)
1164 4987 1242 5037 bonor
1260 4994 1287 5036 et
1304 4993 1428 5050 potestas,
1451 4989 1534 5036 uirtus
1553 4994 1578 5036 et
1596 4989 1744 5049 imperium,
1766 4988 1821 5036 leus
1840 4988 1950 5035 11111111-

319 5069 379 5115 latio
398 5069 424 5116 in
442 5072 510 5118 omui
522 5076 597 5132 gente
612 5072 696 5133 (gente
708 5087 758 5121 om.
773 5072 815 5135 R),
836 5074 888 5122 ioco
908 5080 934 5122 et
952 5080 1062 5137 tempore
1080 5080 1106 5122 et
1124 5088 1168 5137 per
1185 5075 1284 5122 indulta
1302 5075 1400 5124 saecula
1418 5074 1581 5123 saeculorum.
1607 5087 1689 5123 amen.
1715 5074 1820 5137 explicit
1836 5074 1950 5135 {explicit

319 5167 366 5203 om.
383 5152 414 5215 R]
432 5153 477 5202 Pa
598 5156 613 5206 8
632 5159 822 5207 fortunatus-
835 5157 956 5228 medardl]
975 5161 1042 5210 solue
1057 5159 1093 5222 M,
1112 5159 1155 5208 ubi
1167 5163 1294 5223 requitur:
1315 5174 1378 5209 rrara
1396 5174 1458 5208 urrn
1476 5162 1516 5210 se’r
1535 5173 1657 5208 uacuum
1675 5161 1728 5208 afr.
1762 5159 1804 5206 Eat
1817 5160 1950 5208 Fortunati

318 5254 395 5288 curun.
417 5241 454 5302 11,
479 5245 517 5304 16,
540 5242 726 5306 quadrantali,
747 5244 782 5305 cf.
803 5261 880 5307 cupra
895 5261 921 5307 p.
945 5247 1021 5296 7911.

406 5343 421 5391 9
440 5357 615 5393 1111111111
634 5344 755 5415 caemar]
778 5351 805 5397 iu
824 5350 955 5413 sepulchro
973 5352 1050 5412 patris
1069 5352 1110 5399 111“1
1128 5351 1223 5399 leobini
1241 5348 1323 5413 'paulis
1341 5352 1437 5414 scriptu
1456 5358 1496 5400 est
1514 5351 1596 5412 pridie
1615 5350 1670 5397 idus
1690 5350 1764 5410 primi
1783 5347 1845 5396 frisie
1863 5351 1948 5396 marcii

319 5431 402 5491 ipsum
420 5427 475 5478 effi
492 5432 619 5481 leobinum
638 5435 757 5495 migrasse
775 5451 788 5484 a
807 5437 901 5499 seculo.
928 5438 1019 5498 incipit
1038 5437 1092 5485 uita
1110 5437 1148 5485 sc'r
1166 5451 1194 5486 ae
1211 5437 1313 5498 gloriosi
1331 5437 1440 5501 presulis
1458 5438 1561 5498 leobini,
1581 5438 1625 5498 qui
1643 5435 1751 5484 carnotis
1771 5435 1867 5483 meritis
1881 5436 1948 5483 uiuit

321 5513 352 5576 P,
378 5515 468 5578 incipit
486 5517 541 5565 uita
560 5520 640 5566 sancti
659 5520 752 5569 leobini
770 5522 881 5585 episcopi
900 5528 926 5570 et
943 5523 1077 5583 eoniessci,
1098 5536 1149 5585 que
1168 5528 1208 5571 eat
1225 5536 1285 5571 xrrr
1304 5504 1330 5572 kl
1347 5507 1439 5582 acmo
1555 5522 1586 5571 14
1605 5523 1699 5584 spicula
1720 5519 1752 5579 0¹
1860 5519 1948 5568 15111-

318 5613 448 5650 scenseraa
468 5601 500 5662 0¹
622 5604 653 5654 16
672 5606 780 5655 codicem
801 5606 822 5665 0
941 5606 970 5658 18
989 5605 1137 5676 caelibatus]
1155 5614 1195 5658 est
1212 5608 1309 5671 eddo
1429 5610 1459 5660 19
1478 5611 1607 5670 flagrantis
1628 5607 1648 5666 0
1762 5604 1795 5655 22
1816 5614 1845 5653 ut
1863 5601 1901 5672 et]
1919 5610 1949 5654 ut

320 5685 362 5747 (O)
468 5689 582 5738 iectionis
602 5688 632 5747 0ι
737 5690 769 5740 23
789 5698 814 5741 et
833 5692 932 5753 legendi
950 5690 1129 5760 frequentiam]
1147 5708 1196 5745 om.
1216 5694 1255 5757 (P)

397 5785 527 5830 Vunaurrve
542 5789 702 5833 icari-sarva.
1217 5771 1225 5786 κ
1708 5797 1737 5845 ib
