<?xml version="1.0" encoding="UTF-8"?>
<!DOCTYPE html PUBLIC "-//W3C//DTD XHTML 1.0 Transitional//EN"
    "http://www.w3.org/TR/xhtml1/DTD/xhtml1-transitional.dtd">
<html xmlns="http://www.w3.org/1999/xhtml" xml:lang="en" lang="en">
 <head>
  <title>
</title>
<meta http-equiv="Content-Type" content="text/html;charset=utf-8" />
  <meta name='ocr-system' content='tesseract 3.04.00' />
  <meta name='ocr-capabilities' content='ocr_page ocr_carea ocr_par ocr_line ocrx_word'/>
</head>
<body>
  <div class='ocr_page' id='page_1' title='image "./venantihonoricl00unkngoog_0472.png"; bbox 0 0 4374 6186; ppageno 0'>
   <div class='ocr_carea' id='block_1_1' title="bbox 949 421 1180 478">
    <p class='ocr_par' dir='ltr' id='par_1_1' title="bbox 949 421 1180 478">
     <span class='ocr_line' id='line_1_1' title="bbox 949 421 1180 478; baseline 0 -1"><span class='ocrx_word' id='word_1_1' title='bbox 949 421 1180 478; x_wconf 74' lang='lat' dir='ltr'><strong>PROOEMIVII.</strong></span> 
     </span>
    </p>
   </div>
   <div class='ocr_carea' id='block_1_2' title="bbox 858 731 1363 817">
    <p class='ocr_par' dir='ltr' id='par_1_2' title="bbox 858 731 1363 817">
     <span class='ocr_line' id='line_1_2' title="bbox 858 731 1363 817; baseline -0.002 -2"><span class='ocrx_word' id='word_1_2' title='bbox 858 733 903 815; x_wconf 91' lang='grc' dir='ltr'><strong>Π.</strong></span> <span class='ocrx_word' id='word_1_3' title='bbox 936 731 1047 815; x_wconf 80' lang='lat' dir='ltr'><strong>viri</strong></span> <span class='ocrx_word' id='word_1_4' title='bbox 1075 733 1111 817; x_wconf 83' lang='lat' dir='ltr'><strong>S.</strong></span> <span class='ocrx_word' id='word_1_5' title='bbox 1141 731 1363 816; x_wconf 74' lang='lat' dir='ltr'><strong>GERMANI.</strong></span> 
     </span>
    </p>
   </div>
   <div class='ocr_carea' id='block_1_3' title="bbox 293 920 1928 2091">
    <p class='ocr_par' dir='ltr' id='par_1_3' title="bbox 293 920 1928 1972">
     <span class='ocr_line' id='line_1_3' title="bbox 383 920 1927 1008; baseline 0.001 -22"><span class='ocrx_word' id='word_1_6' title='bbox 383 920 489 986; x_wconf 89' lang='lat' dir='ltr'><strong>Vitam</strong></span> <span class='ocrx_word' id='word_1_7' title='bbox 518 923 551 987; x_wconf 86' lang='lat' dir='ltr'><strong>S.</strong></span> <span class='ocrx_word' id='word_1_8' title='bbox 578 921 731 988; x_wconf 77' lang='lat' dir='ltr'><strong>Germani</strong></span> <span class='ocrx_word' id='word_1_9' title='bbox 759 921 955 988; x_wconf 79' lang='lat' dir='ltr'><strong>Parisiorum</strong></span> <span class='ocrx_word' id='word_1_10' title='bbox 985 921 1130 1008; x_wconf 78' lang='lat' dir='ltr'><strong>episcopi</strong></span> <span class='ocrx_word' id='word_1_11' title='bbox 1157 943 1179 988; x_wconf 93' lang='lat' dir='ltr'><strong>a</strong></span> <span class='ocrx_word' id='word_1_12' title='bbox 1203 923 1377 989; x_wconf 83' lang='lat' dir='ltr'><strong>Fortunato</strong></span> <span class='ocrx_word' id='word_1_13' title='bbox 1407 921 1619 1006; x_wconf 73' lang='lat' dir='ltr'><strong>conscriptam</strong></span> <span class='ocrx_word' id='word_1_14' title='bbox 1648 941 1721 988; x_wconf 90' lang='lat' dir='ltr'><strong>esse</strong></span> <span class='ocrx_word' id='word_1_15' title='bbox 1751 921 1927 1004; x_wconf 81' lang='lat' dir='ltr'><strong>Gregorius</strong></span> 
     </span>
     <span class='ocr_line' id='line_1_4' title="bbox 296 1042 1928 1126; baseline 0 -19"><span class='ocrx_word' id='word_1_16' title='bbox 296 1043 394 1125; x_wconf 71' lang='lat' dir='ltr'><strong>Tur,</strong></span> <span class='ocrx_word' id='word_1_17' title='bbox 420 1043 462 1107; x_wconf 90' lang='grc' dir='ltr'><strong>Η.</strong></span> <span class='ocrx_word' id='word_1_18' title='bbox 487 1042 541 1108; x_wconf 85' lang='lat' dir='ltr'><strong>Fr.</strong></span> <span class='ocrx_word' id='word_1_19' title='bbox 567 1042 604 1123; x_wconf 91' lang='lat' dir='ltr'><strong>V,</strong></span> <span class='ocrx_word' id='word_1_20' title='bbox 631 1045 650 1106; x_wconf 90' lang='lat'>8</span> <span class='ocrx_word' id='word_1_21' title='bbox 674 1042 766 1109; x_wconf 82' lang='lat' dir='ltr'><strong>testis</strong></span> <span class='ocrx_word' id='word_1_22' title='bbox 789 1049 851 1108; x_wconf 89' lang='lat' dir='ltr'><strong>est:</strong></span> <span class='ocrx_word' id='word_1_23' title='bbox 888 1046 979 1124; x_wconf 81' lang='lat' dir='ltr'><strong>Quis,</strong></span> <span class='ocrx_word' id='word_1_24' title='bbox 1014 1042 1129 1126; x_wconf 87' lang='lat' dir='ltr'><strong>inquit,</strong></span> <span class='ocrx_word' id='word_1_25' title='bbox 1165 1053 1308 1107; x_wconf 83' lang='lat' dir='ltr'><strong>strenuus</strong></span> <span class='ocrx_word' id='word_1_26' title='bbox 1337 1046 1466 1106; x_wconf 82' lang='lat' dir='ltr'><strong>virtuter</strong></span> <span class='ocrx_word' id='word_1_27' title='bbox 1496 1045 1596 1122; x_wconf 84' lang='lat' dir='ltr'><strong>iliius,</strong></span> <span class='ocrx_word' id='word_1_28' title='bbox 1631 1064 1709 1126; x_wconf 80' lang='lat' dir='ltr'><strong>quos</strong></span> <span class='ocrx_word' id='word_1_29' title='bbox 1740 1047 1772 1106; x_wconf 84' lang='lat' dir='ltr'><strong>io</strong></span> <span class='ocrx_word' id='word_1_30' title='bbox 1802 1065 1928 1126; x_wconf 88' lang='lat' dir='ltr'><strong>corpore</strong></span> 
     </span>
     <span class='ocr_line' id='line_1_5' title="bbox 293 1163 1924 1246; baseline 0.001 -20"><span class='ocrx_word' id='word_1_31' title='bbox 293 1164 376 1245; x_wconf 72' lang='lat' dir='ltr'><strong>fecit,</strong></span> <span class='ocrx_word' id='word_1_32' title='bbox 402 1166 527 1227; x_wconf 84' lang='lat' dir='ltr'><strong>rottior&#39;te</strong></span> <span class='ocrx_word' id='word_1_33' title='bbox 549 1166 616 1227; x_wconf 83' lang='lat' dir='ltr'><strong>vult</strong></span> <span class='ocrx_word' id='word_1_34' title='bbox 638 1166 803 1246; x_wconf 77' lang='lat' dir='ltr'><strong>inquirere,</strong></span> <span class='ocrx_word' id='word_1_35' title='bbox 830 1164 942 1226; x_wconf 82' lang='lat' dir='ltr'><strong>librum</strong></span> <span class='ocrx_word' id='word_1_36' title='bbox 965 1167 1046 1227; x_wconf 87' lang='lat' dir='ltr'><strong>vitae</strong></span> <span class='ocrx_word' id='word_1_37' title='bbox 1069 1166 1163 1245; x_wconf 80' lang='lat' dir='ltr'><strong>iiiios,</strong></span> <span class='ocrx_word' id='word_1_38' title='bbox 1190 1167 1243 1246; x_wconf 82' lang='lat' dir='ltr'><strong>qui</strong></span> <span class='ocrx_word' id='word_1_39' title='bbox 1264 1186 1284 1226; x_wconf 87' lang='lat' dir='ltr'><strong>a</strong></span> <span class='ocrx_word' id='word_1_40' title='bbox 1307 1167 1472 1226; x_wconf 83' lang='lat' dir='ltr'><strong>Fortunato</strong></span> <span class='ocrx_word' id='word_1_41' title='bbox 1491 1163 1661 1244; x_wconf 78' lang='lat' dir='ltr'><strong>presbitero</strong></span> <span class='ocrx_word' id='word_1_42' title='bbox 1683 1169 1855 1246; x_wconf 79' lang='lat' dir='ltr'><strong>conpositus</strong></span> <span class='ocrx_word' id='word_1_43' title='bbox 1870 1174 1924 1246; x_wconf 86' lang='lat' dir='ltr'><strong>est,</strong></span> 
     </span>
     <span class='ocr_line' id='line_1_6' title="bbox 296 1282 1927 1368; baseline 0.002 -22"><span class='ocrx_word' id='word_1_44' title='bbox 296 1285 396 1366; x_wconf 82' lang='lat' dir='ltr'><strong>leqenr</strong></span> <span class='ocrx_word' id='word_1_45' title='bbox 419 1292 528 1347; x_wconf 76' lang='lat' dir='ltr'><strong>arneto</strong></span> <span class='ocrx_word' id='word_1_46' title='bbox 551 1287 710 1365; x_wconf 80' lang='lat' dir='ltr'><strong>repperiet.</strong></span> <span class='ocrx_word' id='word_1_47' title='bbox 749 1283 865 1367; x_wconf 91' lang='lat' dir='ltr'><strong>Neque</strong></span> <span class='ocrx_word' id='word_1_48' title='bbox 887 1282 1099 1349; x_wconf 89' lang='lat' dir='ltr'><strong>dubitandum</strong></span> <span class='ocrx_word' id='word_1_49' title='bbox 1121 1289 1179 1365; x_wconf 90' lang='lat' dir='ltr'><strong>est,</strong></span> <span class='ocrx_word' id='word_1_50' title='bbox 1207 1283 1282 1366; x_wconf 92' lang='lat' dir='ltr'><strong>quin</strong></span> <span class='ocrx_word' id='word_1_51' title='bbox 1305 1303 1388 1368; x_wconf 91' lang='lat' dir='ltr'><strong>quae</strong></span> <span class='ocrx_word' id='word_1_52' title='bbox 1411 1288 1516 1348; x_wconf 85' lang='lat' dir='ltr'><strong>exstat</strong></span> <span class='ocrx_word' id='word_1_53' title='bbox 1538 1283 1613 1347; x_wconf 89' lang='lat' dir='ltr'><strong>Vita</strong></span> <span class='ocrx_word' id='word_1_54' title='bbox 1628 1282 1781 1349; x_wconf 83' lang='lat' dir='ltr'><strong>Germani</strong></span> <span class='ocrx_word' id='word_1_55' title='bbox 1798 1304 1838 1349; x_wconf 92' lang='lat' dir='ltr'><strong>ea</strong></span> <span class='ocrx_word' id='word_1_56' title='bbox 1852 1283 1927 1368; x_wconf 92' lang='lat' dir='ltr'><strong>ipsa</strong></span> 
     </span>
     <span class='ocr_line' id='line_1_7' title="bbox 298 1401 1928 1487; baseline 0.002 -20"><span class='ocrx_word' id='word_1_57' title='bbox 298 1401 349 1484; x_wconf 89' lang='lat' dir='ltr'><strong>sit,</strong></span> <span class='ocrx_word' id='word_1_58' title='bbox 376 1422 472 1485; x_wconf 91' lang='lat' dir='ltr'><strong>quam</strong></span> <span class='ocrx_word' id='word_1_59' title='bbox 496 1404 691 1469; x_wconf 87' lang='lat' dir='ltr'><strong>Fortunatus</strong></span> <span class='ocrx_word' id='word_1_60' title='bbox 715 1402 859 1484; x_wconf 89' lang='lat' dir='ltr'><strong>coniecit,</strong></span> <span class='ocrx_word' id='word_1_61' title='bbox 887 1422 960 1469; x_wconf 92' lang='lat' dir='ltr'><strong>cum</strong></span> <span class='ocrx_word' id='word_1_62' title='bbox 983 1409 1015 1469; x_wconf 91' lang='lat' dir='ltr'><strong>et</strong></span> <span class='ocrx_word' id='word_1_63' title='bbox 1037 1422 1141 1469; x_wconf 91' lang='lat' dir='ltr'><strong>sermo</strong></span> <span class='ocrx_word' id='word_1_64' title='bbox 1164 1409 1321 1487; x_wconf 80' lang='lat' dir='ltr'><strong>congruat</strong></span> <span class='ocrx_word' id='word_1_65' title='bbox 1343 1411 1375 1470; x_wconf 90' lang='lat' dir='ltr'><strong>et</strong></span> <span class='ocrx_word' id='word_1_66' title='bbox 1397 1423 1481 1486; x_wconf 92' lang='lat' dir='ltr'><strong>quae</strong></span> <span class='ocrx_word' id='word_1_67' title='bbox 1503 1402 1536 1468; x_wconf 88' lang='lat' dir='ltr'><strong>in</strong></span> <span class='ocrx_word' id='word_1_68' title='bbox 1559 1402 1633 1469; x_wconf 85' lang='lat' dir='ltr'><strong>Vita</strong></span> <span class='ocrx_word' id='word_1_69' title='bbox 1655 1423 1683 1469; x_wconf 91' lang='lat' dir='ltr'><strong>c.</strong></span> <span class='ocrx_word' id='word_1_70' title='bbox 1702 1404 1762 1468; x_wconf 93' lang='lat' dir='ltr'><strong>VII</strong></span> <span class='ocrx_word' id='word_1_71' title='bbox 1787 1404 1828 1470; x_wconf 90' lang='lat' dir='ltr'><strong>de</strong></span> <span class='ocrx_word' id='word_1_72' title='bbox 1846 1404 1928 1470; x_wconf 90' lang='lat' dir='ltr'><strong>Ger-</strong></span> 
     </span>
     <span class='ocr_line' id='line_1_8' title="bbox 296 1522 1921 1610; baseline 0.002 -23"><span class='ocrx_word' id='word_1_73' title='bbox 296 1543 391 1590; x_wconf 90' lang='lat' dir='ltr'><strong>mano</strong></span> <span class='ocrx_word' id='word_1_74' title='bbox 417 1523 466 1589; x_wconf 92' lang='lat' dir='ltr'><strong>‘in</strong></span> <span class='ocrx_word' id='word_1_75' title='bbox 488 1523 593 1608; x_wconf 90' lang='lat' dir='ltr'><strong>figura</strong></span> <span class='ocrx_word' id='word_1_76' title='bbox 614 1522 732 1609; x_wconf 83' lang='lat' dir='ltr'><strong>Moysi&#39;</strong></span> <span class='ocrx_word' id='word_1_77' title='bbox 755 1522 925 1590; x_wconf 86' lang='lat' dir='ltr'><strong>incedente</strong></span> <span class='ocrx_word' id='word_1_78' title='bbox 947 1523 1050 1590; x_wconf 89' lang='lat' dir='ltr'><strong>relata</strong></span> <span class='ocrx_word' id='word_1_79' title='bbox 1073 1528 1147 1588; x_wconf 90' lang='lat' dir='ltr'><strong>sunt</strong></span> <span class='ocrx_word' id='word_1_80' title='bbox 1168 1543 1240 1588; x_wconf 92' lang='lat' dir='ltr'><strong>cum</strong></span> <span class='ocrx_word' id='word_1_81' title='bbox 1263 1524 1368 1590; x_wconf 90' lang='lat' dir='ltr'><strong>Carm.</strong></span> <span class='ocrx_word' id='word_1_82' title='bbox 1394 1523 1436 1604; x_wconf 91' lang='grc' dir='ltr'><strong>Π,</strong></span> <span class='ocrx_word' id='word_1_83' title='bbox 1460 1526 1491 1605; x_wconf 88' lang='grc'><strong>9,</strong></span> <span class='ocrx_word' id='word_1_84' title='bbox 1511 1527 1551 1587; x_wconf 99' lang='grc'><strong>72</strong></span> <span class='ocrx_word' id='word_1_85' title='bbox 1574 1524 1693 1610; x_wconf 90' lang='lat' dir='ltr'><strong>optime</strong></span> <span class='ocrx_word' id='word_1_86' title='bbox 1716 1525 1921 1590; x_wconf 87' lang='lat' dir='ltr'><strong>conveniant:</strong></span> 
     </span>
     <span class='ocr_line' id='line_1_9' title="bbox 296 1644 1927 1730; baseline 0.002 -22"><span class='ocrx_word' id='word_1_87' title='bbox 296 1649 431 1727; x_wconf 77' lang='lat' dir='ltr'><strong>Moyseo,</strong></span> <span class='ocrx_word' id='word_1_88' title='bbox 465 1647 551 1710; x_wconf 78' lang='lat' dir='ltr'><strong>tende</strong></span> <span class='ocrx_word' id='word_1_89' title='bbox 572 1665 684 1708; x_wconf 78' lang='lat' dir='ltr'><strong>monus</strong></span> <span class='ocrx_word' id='word_1_90' title='bbox 707 1654 735 1707; x_wconf 91' lang='lat' dir='ltr'><strong>et</strong></span> <span class='ocrx_word' id='word_1_91' title='bbox 757 1654 811 1708; x_wconf 83' lang='lat' dir='ltr'><strong>tuo</strong></span> <span class='ocrx_word' id='word_1_92' title='bbox 832 1654 936 1708; x_wconf 79' lang='lat' dir='ltr'><strong>costra</strong></span> <span class='ocrx_word' id='word_1_93' title='bbox 961 1648 1062 1707; x_wconf 82' lang='lat' dir='ltr'><strong>iuvas.</strong></span> <span class='ocrx_word' id='word_1_94' title='bbox 1109 1644 1208 1711; x_wconf 90' lang='lat' dir='ltr'><strong>Poeta</strong></span> <span class='ocrx_word' id='word_1_95' title='bbox 1238 1644 1393 1710; x_wconf 89' lang='lat' dir='ltr'><strong>nonnulla</strong></span> <span class='ocrx_word' id='word_1_96' title='bbox 1422 1644 1578 1709; x_wconf 89' lang='lat' dir='ltr'><strong>miracula</strong></span> <span class='ocrx_word' id='word_1_97' title='bbox 1599 1645 1669 1730; x_wconf 90' lang='lat' dir='ltr'><strong>ipse</strong></span> <span class='ocrx_word' id='word_1_98' title='bbox 1691 1645 1823 1727; x_wconf 64' lang='lat' dir='ltr'><strong>ridicu,</strong></span> <span class='ocrx_word' id='word_1_99' title='bbox 1858 1646 1927 1711; x_wconf 88' lang='lat' dir='ltr'><strong>sive</strong></span> 
     </span>
     <span class='ocr_line' id='line_1_10' title="bbox 295 1764 1927 1847; baseline 0.002 -19"><span class='ocrx_word' id='word_1_100' title='bbox 295 1765 428 1829; x_wconf 91' lang='lat' dir='ltr'><strong>Parisiis</strong></span> <span class='ocrx_word' id='word_1_101' title='bbox 451 1765 655 1831; x_wconf 90' lang='lat' dir='ltr'><strong>constitutum</strong></span> <span class='ocrx_word' id='word_1_102' title='bbox 673 1765 870 1830; x_wconf 89' lang='lat' dir='ltr'><strong>Germanum</strong></span> <span class='ocrx_word' id='word_1_103' title='bbox 893 1764 1016 1847; x_wconf 70' lang='lat' dir='ltr'><strong>adiitss),</strong></span> <span class='ocrx_word' id='word_1_104' title='bbox 1043 1764 1111 1830; x_wconf 83' lang='lat' dir='ltr'><strong>sire</strong></span> <span class='ocrx_word' id='word_1_105' title='bbox 1133 1764 1223 1830; x_wconf 92' lang='lat' dir='ltr'><strong>illum</strong></span> <span class='ocrx_word' id='word_1_106' title='bbox 1239 1765 1381 1831; x_wconf 87' lang='lat' dir='ltr'><strong>Pictavis</strong></span> <span class='ocrx_word' id='word_1_107' title='bbox 1405 1764 1563 1831; x_wconf 88' lang='lat' dir='ltr'><strong>convenit.</strong></span> <span class='ocrx_word' id='word_1_108' title='bbox 1604 1765 1691 1832; x_wconf 90' lang='lat' dir='ltr'><strong>Obiit</strong></span> <span class='ocrx_word' id='word_1_109' title='bbox 1709 1772 1816 1831; x_wconf 87' lang='lat' dir='ltr'><strong>autem</strong></span> <span class='ocrx_word' id='word_1_110' title='bbox 1832 1785 1927 1832; x_wconf 89' lang='lat' dir='ltr'><strong>sano-</strong></span> 
     </span>
     <span class='ocr_line' id='line_1_11' title="bbox 296 1884 1856 1972; baseline 0 -20"><span class='ocrx_word' id='word_1_111' title='bbox 296 1892 347 1952; x_wconf 91' lang='lat' dir='ltr'><strong>tus</strong></span> <span class='ocrx_word' id='word_1_112' title='bbox 370 1886 402 1951; x_wconf 90' lang='lat' dir='ltr'><strong>d.</strong></span> <span class='ocrx_word' id='word_1_113' title='bbox 429 1888 482 1950; x_wconf 84' lang='lat'><strong>28.</strong></span> <span class='ocrx_word' id='word_1_114' title='bbox 507 1885 584 1951; x_wconf 87' lang='lat' dir='ltr'><strong>Mai.</strong></span> <span class='ocrx_word' id='word_1_115' title='bbox 610 1905 641 1950; x_wconf 90' lang='lat' dir='ltr'><strong>a.</strong></span> <span class='ocrx_word' id='word_1_116' title='bbox 669 1888 742 1968; x_wconf 95' lang='grc'>576,</span> <span class='ocrx_word' id='word_1_117' title='bbox 767 1891 841 1971; x_wconf 92' lang='lat' dir='ltr'><strong>post</strong></span> <span class='ocrx_word' id='word_1_118' title='bbox 863 1884 956 1952; x_wconf 88' lang='lat' dir='ltr'><strong>cuius</strong></span> <span class='ocrx_word' id='word_1_119' title='bbox 978 1892 1111 1951; x_wconf 92' lang='lat' dir='ltr'><strong>mortem</strong></span> <span class='ocrx_word' id='word_1_120' title='bbox 1134 1885 1328 1951; x_wconf 82' lang='lat' dir='ltr'><strong>Fortunatus</strong></span> <span class='ocrx_word' id='word_1_121' title='bbox 1350 1886 1536 1951; x_wconf 86' lang='lat' dir='ltr'><strong>memoriam</strong></span> <span class='ocrx_word' id='word_1_122' title='bbox 1559 1885 1645 1952; x_wconf 90' lang='lat' dir='ltr'><strong>vitae</strong></span> <span class='ocrx_word' id='word_1_123' title='bbox 1668 1887 1856 1972; x_wconf 89' lang='lat' dir='ltr'><strong>composuit.</strong></span> 
     </span>
    </p>

    <p class='ocr_par' dir='ltr' id='par_1_4' title="bbox 386 2004 1154 2091">
     <span class='ocr_line' id='line_1_12' title="bbox 386 2004 1154 2091; baseline -0.004 -19"><span class='ocrx_word' id='word_1_124' title='bbox 386 2005 523 2073; x_wconf 83' lang='lat' dir='ltr'><strong>Codices</strong></span> <span class='ocrx_word' id='word_1_125' title='bbox 546 2025 644 2071; x_wconf 90' lang='lat' dir='ltr'><strong>manu</strong></span> <span class='ocrx_word' id='word_1_126' title='bbox 666 2004 776 2091; x_wconf 90' lang='lat' dir='ltr'><strong>scripti</strong></span> <span class='ocrx_word' id='word_1_127' title='bbox 798 2006 949 2091; x_wconf 88' lang='lat' dir='ltr'><strong>permulti</strong></span> <span class='ocrx_word' id='word_1_128' title='bbox 972 2012 1154 2090; x_wconf 89' lang='lat' dir='ltr'><strong>supersunt.</strong></span> 
     </span>
    </p>
   </div>
   <div class='ocr_carea' id='block_1_4' title="bbox 295 2125 1929 5108">
    <p class='ocr_par' dir='ltr' id='par_1_5' title="bbox 296 2125 1928 2812">
     <span class='ocr_line' id='line_1_13' title="bbox 296 2125 1927 2212; baseline 0.004 -24"><span class='ocrx_word' id='word_1_129' title='bbox 296 2125 322 2188; x_wconf 92' lang='lat' dir='ltr'><strong>P</strong></span> <span class='ocrx_word' id='word_1_130' title='bbox 451 2125 562 2192; x_wconf 82' lang='lat' dir='ltr'><strong>Codex</strong></span> <span class='ocrx_word' id='word_1_131' title='bbox 584 2125 842 2210; x_wconf 90' lang='lat' dir='ltr'><strong>Petropolitanus</strong></span> <span class='ocrx_word' id='word_1_132' title='bbox 865 2128 903 2191; x_wconf 82' lang='lat' dir='ltr'><strong>F.</strong></span> <span class='ocrx_word' id='word_1_133' title='bbox 922 2125 997 2192; x_wconf 91' lang='lat' dir='ltr'><strong>Otd.</strong></span> <span class='ocrx_word' id='word_1_134' title='bbox 1016 2125 1043 2190; x_wconf 91' lang='lat'><strong>1.</strong></span> <span class='ocrx_word' id='word_1_135' title='bbox 1068 2147 1117 2190; x_wconf 91' lang='lat' dir='ltr'><strong>nr.</strong></span> <span class='ocrx_word' id='word_1_136' title='bbox 1140 2128 1177 2188; x_wconf 84' lang='lat'><strong>12</strong></span> <span class='ocrx_word' id='word_1_137' title='bbox 1201 2125 1278 2191; x_wconf 93' lang='lat' dir='ltr'><strong>olim</strong></span> <span class='ocrx_word' id='word_1_138' title='bbox 1301 2127 1514 2210; x_wconf 72' lang='lat' dir='ltr'><strong>corbeiensis,</strong></span> <span class='ocrx_word' id='word_1_139' title='bbox 1541 2135 1617 2194; x_wconf 90' lang='lat' dir='ltr'><strong>tunc</strong></span> <span class='ocrx_word' id='word_1_140' title='bbox 1639 2128 1927 2212; x_wconf 86' lang='lat' dir='ltr'><strong>Sangermanensis</strong></span> 
     </span>
     <span class='ocr_line' id='line_1_14' title="bbox 502 2228 1927 2314; baseline 0.002 -21"><span class='ocrx_word' id='word_1_141' title='bbox 502 2249 522 2293; x_wconf 98' lang='lat' dir='ltr'><strong>a</strong></span> <span class='ocrx_word' id='word_1_142' title='bbox 550 2230 645 2295; x_wconf 92' lang='lat' dir='ltr'><strong>Petro</strong></span> <span class='ocrx_word' id='word_1_143' title='bbox 667 2229 871 2314; x_wconf 83' lang='lat' dir='ltr'><strong>Dubrowsky</strong></span> <span class='ocrx_word' id='word_1_144' title='bbox 900 2228 1078 2312; x_wconf 78' lang='lat' dir='ltr'><strong>acquIsitus</strong></span> <span class='ocrx_word' id='word_1_145' title='bbox 1109 2236 1141 2295; x_wconf 90' lang='lat' dir='ltr'><strong>et</strong></span> <span class='ocrx_word' id='word_1_146' title='bbox 1170 2229 1362 2313; x_wconf 90' lang='lat' dir='ltr'><strong>Petropolim</strong></span> <span class='ocrx_word' id='word_1_147' title='bbox 1393 2231 1577 2297; x_wconf 81' lang='lat' dir='ltr'><strong>translatus.</strong></span> <span class='ocrx_word' id='word_1_148' title='bbox 1625 2231 1716 2297; x_wconf 91' lang='lat' dir='ltr'><strong>Vitas</strong></span> <span class='ocrx_word' id='word_1_149' title='bbox 1746 2238 1927 2298; x_wconf 88' lang='lat' dir='ltr'><strong>sanctorum</strong></span> 
     </span>
     <span class='ocr_line' id='line_1_15' title="bbox 502 2333 1928 2417; baseline 0.001 -20"><span class='ocrx_word' id='word_1_150' title='bbox 502 2351 587 2398; x_wconf 92' lang='lat' dir='ltr'><strong>saec.</strong></span> <span class='ocrx_word' id='word_1_151' title='bbox 607 2333 760 2398; x_wconf 90' lang='lat' dir='ltr'><strong>VII—IX</strong></span> <span class='ocrx_word' id='word_1_152' title='bbox 781 2333 1037 2417; x_wconf 89' lang='lat' dir='ltr'><strong>manuscriptas</strong></span> <span class='ocrx_word' id='word_1_153' title='bbox 1060 2333 1242 2416; x_wconf 72' lang='lat' dir='ltr'><strong>continetI),</strong></span> <span class='ocrx_word' id='word_1_154' title='bbox 1270 2353 1288 2398; x_wconf 94' lang='lat' dir='ltr'><strong>e</strong></span> <span class='ocrx_word' id='word_1_155' title='bbox 1310 2333 1427 2416; x_wconf 93' lang='lat' dir='ltr'><strong>quibus</strong></span> <span class='ocrx_word' id='word_1_156' title='bbox 1450 2334 1525 2400; x_wconf 90' lang='lat' dir='ltr'><strong>Vita</strong></span> <span class='ocrx_word' id='word_1_157' title='bbox 1540 2335 1573 2399; x_wconf 82' lang='lat' dir='ltr'><strong>S.</strong></span> <span class='ocrx_word' id='word_1_158' title='bbox 1593 2334 1744 2400; x_wconf 90' lang='lat' dir='ltr'><strong>Germani</strong></span> <span class='ocrx_word' id='word_1_159' title='bbox 1768 2334 1823 2400; x_wconf 87' lang='lat' dir='ltr'><strong>fol.</strong></span> <span class='ocrx_word' id='word_1_160' title='bbox 1843 2338 1928 2399; x_wconf 91' lang='grc'><strong>69-</strong></span> 
     </span>
     <span class='ocr_line' id='line_1_16' title="bbox 501 2434 1928 2524; baseline 0.004 -26"><span class='ocrx_word' id='word_1_161' title='bbox 501 2437 552 2516; x_wconf 87' lang='grc'><strong>98,</strong></span> <span class='ocrx_word' id='word_1_162' title='bbox 580 2434 705 2502; x_wconf 90' lang='lat' dir='ltr'><strong>duobus</strong></span> <span class='ocrx_word' id='word_1_163' title='bbox 728 2435 990 2520; x_wconf 87' lang='lat' dir='ltr'><strong>quaternionibus</strong></span> <span class='ocrx_word' id='word_1_164' title='bbox 1018 2436 1054 2520; x_wconf 81' lang='grc' dir='ltr'><strong>(Ι.</strong></span> <span class='ocrx_word' id='word_1_165' title='bbox 1080 2437 1136 2518; x_wconf 92' lang='grc' dir='ltr'>ΙΙ),</span> <span class='ocrx_word' id='word_1_166' title='bbox 1164 2436 1315 2519; x_wconf 90' lang='lat' dir='ltr'><strong>quinione</strong></span> <span class='ocrx_word' id='word_1_167' title='bbox 1343 2435 1425 2520; x_wconf 82' lang='grc' dir='ltr'>(ΙΙΙ),</span> <span class='ocrx_word' id='word_1_168' title='bbox 1453 2436 1583 2504; x_wconf 92' lang='lat' dir='ltr'><strong>binione</strong></span> <span class='ocrx_word' id='word_1_169' title='bbox 1606 2440 1671 2522; x_wconf 74' lang='lat' dir='ltr'><strong>(IV)</strong></span> <span class='ocrx_word' id='word_1_170' title='bbox 1694 2437 1770 2503; x_wconf 92' lang='lat' dir='ltr'><strong>olim</strong></span> <span class='ocrx_word' id='word_1_171' title='bbox 1793 2458 1928 2524; x_wconf 86' lang='lat' dir='ltr'><strong>separa-</strong></span> 
     </span>
     <span class='ocr_line' id='line_1_17' title="bbox 502 2539 1923 2624; baseline 0.001 -20"><span class='ocrx_word' id='word_1_172' title='bbox 502 2539 560 2604; x_wconf 92' lang='lat' dir='ltr'><strong>tim</strong></span> <span class='ocrx_word' id='word_1_173' title='bbox 582 2539 710 2623; x_wconf 83' lang='lat' dir='ltr'><strong>ligatis,</strong></span> <span class='ocrx_word' id='word_1_174' title='bbox 745 2540 864 2624; x_wconf 87' lang='lat' dir='ltr'><strong>scripta</strong></span> <span class='ocrx_word' id='word_1_175' title='bbox 886 2546 935 2605; x_wconf 89' lang='lat' dir='ltr'><strong>est</strong></span> <span class='ocrx_word' id='word_1_176' title='bbox 958 2558 1044 2605; x_wconf 88' lang='lat' dir='ltr'><strong>saec.</strong></span> <span class='ocrx_word' id='word_1_177' title='bbox 1069 2540 1118 2605; x_wconf 87' lang='lat' dir='ltr'><strong>IX</strong></span> <span class='ocrx_word' id='word_1_178' title='bbox 1141 2540 1220 2605; x_wconf 91' lang='lat' dir='ltr'><strong>satis</strong></span> <span class='ocrx_word' id='word_1_179' title='bbox 1242 2540 1469 2623; x_wconf 84' lang='lat' dir='ltr'><strong>neglegenter,</strong></span> <span class='ocrx_word' id='word_1_180' title='bbox 1505 2541 1677 2607; x_wconf 88' lang='lat' dir='ltr'><strong>emendata</strong></span> <span class='ocrx_word' id='word_1_181' title='bbox 1698 2542 1816 2608; x_wconf 90' lang='lat' dir='ltr'><strong>deinde</strong></span> <span class='ocrx_word' id='word_1_182' title='bbox 1837 2561 1923 2609; x_wconf 89' lang='lat' dir='ltr'><strong>saec.</strong></span> 
     </span>
     <span class='ocr_line' id='line_1_18' title="bbox 502 2642 1924 2729; baseline 0.003 -23"><span class='ocrx_word' id='word_1_183' title='bbox 502 2643 534 2706; x_wconf 85' lang='lat' dir='ltr'>X</span> <span class='ocrx_word' id='word_1_184' title='bbox 563 2642 607 2708; x_wconf 91' lang='lat' dir='ltr'><strong>ad</strong></span> <span class='ocrx_word' id='word_1_185' title='bbox 629 2642 720 2708; x_wconf 90' lang='lat' dir='ltr'><strong>aliud</strong></span> <span class='ocrx_word' id='word_1_186' title='bbox 743 2644 952 2729; x_wconf 58' lang='lat' dir='ltr'><strong>exemplam).</strong></span> <span class='ocrx_word' id='word_1_187' title='bbox 989 2680 1033 2691; x_wconf 92' lang='lat'><em>-</em></span> <span class='ocrx_word' id='word_1_188' title='bbox 1066 2643 1216 2710; x_wconf 86' lang='lat' dir='ltr'><strong>Codicem</strong></span> <span class='ocrx_word' id='word_1_189' title='bbox 1239 2643 1422 2709; x_wconf 90' lang='lat' dir='ltr'><strong>Berolinum</strong></span> <span class='ocrx_word' id='word_1_190' title='bbox 1445 2645 1669 2711; x_wconf 89' lang='lat' dir='ltr'><strong>transmissum</strong></span> <span class='ocrx_word' id='word_1_191' title='bbox 1692 2646 1743 2711; x_wconf 88' lang='lat' dir='ltr'><strong>W.</strong></span> <span class='ocrx_word' id='word_1_192' title='bbox 1768 2645 1872 2712; x_wconf 85' lang='lat' dir='ltr'><strong>Arndt</strong></span> <span class='ocrx_word' id='word_1_193' title='bbox 1893 2665 1924 2712; x_wconf 81' lang='lat' dir='ltr'><strong>e.</strong></span> 
     </span>
     <span class='ocr_line' id='line_1_19' title="bbox 506 2746 754 2812; baseline 0.004 -2"><span class='ocrx_word' id='word_1_194' title='bbox 506 2748 587 2811; x_wconf 83' lang='grc'>1866</span> <span class='ocrx_word' id='word_1_195' title='bbox 610 2746 754 2812; x_wconf 90' lang='lat' dir='ltr'><strong>contulit.</strong></span> 
     </span>
    </p>

    <p class='ocr_par' dir='ltr' id='par_1_6' title="bbox 295 2846 1929 3641">
     <span class='ocr_line' id='line_1_20' title="bbox 295 2846 1928 2934; baseline 0.002 -19"><span class='ocrx_word' id='word_1_196' title='bbox 295 2846 325 2926; x_wconf 79' lang='lat' dir='ltr'>Q</span> <span class='ocrx_word' id='word_1_197' title='bbox 454 2849 564 2916; x_wconf 80' lang='lat' dir='ltr'><strong>Codex</strong></span> <span class='ocrx_word' id='word_1_198' title='bbox 592 2849 813 2933; x_wconf 76' lang='lat' dir='ltr'><strong>Parisiensisq</strong></span> <span class='ocrx_word' id='word_1_199' title='bbox 847 2850 982 2916; x_wconf 88' lang='lat' dir='ltr'><strong>Latinus</strong></span> <span class='ocrx_word' id='word_1_200' title='bbox 1015 2871 1063 2915; x_wconf 88' lang='lat' dir='ltr'><strong>nr.</strong></span> <span class='ocrx_word' id='word_1_201' title='bbox 1090 2853 1195 2931; x_wconf 83' lang='lat'><strong>5365,</strong></span> <span class='ocrx_word' id='word_1_202' title='bbox 1233 2869 1320 2916; x_wconf 89' lang='lat' dir='ltr'><strong>saec.</strong></span> <span class='ocrx_word' id='word_1_203' title='bbox 1345 2850 1427 2930; x_wconf 85' lang='lat' dir='ltr'><strong>XII,</strong></span> <span class='ocrx_word' id='word_1_204' title='bbox 1464 2849 1586 2917; x_wconf 83' lang='lat' dir='ltr'><strong>formae</strong></span> <span class='ocrx_word' id='word_1_205' title='bbox 1619 2851 1794 2934; x_wconf 90' lang='lat' dir='ltr'><strong>maximae,</strong></span> <span class='ocrx_word' id='word_1_206' title='bbox 1832 2858 1928 2920; x_wconf 89' lang='lat' dir='ltr'><strong>antea</strong></span> 
     </span>
     <span class='ocr_line' id='line_1_21' title="bbox 502 2953 1929 3023; baseline 0.004 -5"><span class='ocrx_word' id='word_1_207' title='bbox 502 2953 536 3018; x_wconf 84' lang='lat' dir='ltr'><strong>S.</strong></span> <span class='ocrx_word' id='word_1_208' title='bbox 563 2954 719 3020; x_wconf 85' lang='lat' dir='ltr'><strong>Martialis</strong></span> <span class='ocrx_word' id='word_1_209' title='bbox 742 2953 993 3021; x_wconf 87' lang='lat' dir='ltr'><strong>Lemovicensis.</strong></span> <span class='ocrx_word' id='word_1_210' title='bbox 1042 2954 1191 3022; x_wconf 85' lang='lat' dir='ltr'><strong>Continet</strong></span> <span class='ocrx_word' id='word_1_211' title='bbox 1219 2953 1275 3019; x_wconf 83' lang='lat' dir='ltr'><strong>fol.</strong></span> <span class='ocrx_word' id='word_1_212' title='bbox 1305 2957 1343 3018; x_wconf 88' lang='grc'><strong>19</strong></span> <span class='ocrx_word' id='word_1_213' title='bbox 1373 2954 1481 3020; x_wconf 91' lang='lat' dir='ltr'><strong>Vitam</strong></span> <span class='ocrx_word' id='word_1_214' title='bbox 1511 2954 1545 3020; x_wconf 86' lang='lat' dir='ltr'><strong>S.</strong></span> <span class='ocrx_word' id='word_1_215' title='bbox 1571 2955 1723 3021; x_wconf 90' lang='lat' dir='ltr'><strong>Germani</strong></span> <span class='ocrx_word' id='word_1_216' title='bbox 1745 2955 1929 3023; x_wconf 89' lang='lat' dir='ltr'><strong>—desunt</strong></span> 
     </span>
     <span class='ocr_line' id='line_1_22' title="bbox 502 3056 1928 3144; baseline 0.003 -22"><span class='ocrx_word' id='word_1_217' title='bbox 502 3065 609 3124; x_wconf 88' lang='lat' dir='ltr'><strong>autem</strong></span> <span class='ocrx_word' id='word_1_218' title='bbox 637 3056 744 3141; x_wconf 79' lang='lat' dir='ltr'><strong>capIta</strong></span> <span class='ocrx_word' id='word_1_219' title='bbox 767 3060 894 3122; x_wconf 87' lang='grc'>33-68</span> <span class='ocrx_word' id='word_1_220' title='bbox 917 3077 938 3122; x_wconf 84' lang='grc'>5</span> <span class='ocrx_word' id='word_1_221' title='bbox 960 3079 993 3143; x_wconf 91' lang='lat' dir='ltr'><strong>p.</strong></span> <span class='ocrx_word' id='word_1_222' title='bbox 1023 3061 1071 3140; x_wconf 87' lang='lat'><strong>18,</strong></span> <span class='ocrx_word' id='word_1_223' title='bbox 1098 3069 1131 3119; x_wconf 84' lang='grc'><strong>32</strong></span> <span class='ocrx_word' id='word_1_224' title='bbox 1154 3068 1181 3121; x_wconf 92' lang='lat' dir='ltr'><strong>et</strong></span> <span class='ocrx_word' id='word_1_225' title='bbox 1203 3061 1258 3142; x_wconf 80' lang='lat' dir='ltr'><strong>qui</strong></span> <span class='ocrx_word' id='word_1_226' title='bbox 1275 3062 1366 3140; x_wconf 83' lang='lat' dir='ltr'><strong>prius</strong></span> <span class='ocrx_word' id='word_1_227' title='bbox 1389 3057 1433 3122; x_wconf 93' lang='lat' dir='ltr'><strong>ad</strong></span> <span class='ocrx_word' id='word_1_228' title='bbox 1454 3078 1487 3142; x_wconf 91' lang='lat' dir='ltr'><strong>p.</strong></span> <span class='ocrx_word' id='word_1_229' title='bbox 1514 3061 1564 3139; x_wconf 87' lang='grc'>25,</span> <span class='ocrx_word' id='word_1_230' title='bbox 1592 3071 1625 3120; x_wconf 74' lang='grc'><strong>34</strong></span> <span class='ocrx_word' id='word_1_231' title='bbox 1646 3062 1782 3144; x_wconf 81' lang='lat' dir='ltr'><strong>qratiam</strong></span> <span class='ocrx_word' id='word_1_232' title='bbox 1803 3098 1863 3140; x_wconf 95' lang='lat'><strong>-,</strong></span> <span class='ocrx_word' id='word_1_233' title='bbox 1895 3067 1928 3126; x_wconf 84' lang='lat' dir='ltr'><strong>et</strong></span> 
     </span>
     <span class='ocr_line' id='line_1_23' title="bbox 500 3161 1927 3247; baseline 0.003 -21"><span class='ocrx_word' id='word_1_234' title='bbox 500 3161 743 3227; x_wconf 88' lang='lat' dir='ltr'><strong>translationem</strong></span> <span class='ocrx_word' id='word_1_235' title='bbox 773 3161 917 3227; x_wconf 88' lang='lat' dir='ltr'><strong>eiusdem</strong></span> <span class='ocrx_word' id='word_1_236' title='bbox 941 3163 983 3227; x_wconf 90' lang='lat' dir='ltr'><strong>ab</strong></span> <span class='ocrx_word' id='word_1_237' title='bbox 1007 3161 1307 3247; x_wconf 89' lang='lat' dir='ltr'><strong>interpolationibus</strong></span> <span class='ocrx_word' id='word_1_238' title='bbox 1329 3162 1520 3243; x_wconf 88' lang='lat' dir='ltr'><strong>immunem;</strong></span> <span class='ocrx_word' id='word_1_239' title='bbox 1556 3182 1595 3228; x_wconf 90' lang='lat' dir='ltr'><strong>ea</strong></span> <span class='ocrx_word' id='word_1_240' title='bbox 1617 3162 1673 3228; x_wconf 87' lang='lat' dir='ltr'><strong>iol.</strong></span> <span class='ocrx_word' id='word_1_241' title='bbox 1701 3166 1741 3226; x_wconf 85' lang='grc'><strong>24</strong></span> <span class='ocrx_word' id='word_1_242' title='bbox 1764 3162 1797 3227; x_wconf 92' lang='lat' dir='ltr'><strong>in</strong></span> <span class='ocrx_word' id='word_1_243' title='bbox 1820 3163 1927 3230; x_wconf 89' lang='lat' dir='ltr'><strong>verbis</strong></span> 
     </span>
     <span class='ocr_line' id='line_1_24' title="bbox 502 3265 1923 3351; baseline 0.001 -23"><span class='ocrx_word' id='word_1_244' title='bbox 502 3276 536 3328; x_wconf 85' lang='lat' dir='ltr'><strong>ut</strong></span> <span class='ocrx_word' id='word_1_245' title='bbox 553 3267 718 3350; x_wconf 73' lang='lat' dir='ltr'><strong>fuqitivum</strong></span> <span class='ocrx_word' id='word_1_246' title='bbox 741 3287 840 3348; x_wconf 81' lang='lat' dir='ltr'><strong>cuper</strong></span> <span class='ocrx_word' id='word_1_247' title='bbox 862 3268 1001 3347; x_wconf 79' lang='lat' dir='ltr'><strong>etoprrsrrr</strong></span> <span class='ocrx_word' id='word_1_248' title='bbox 1024 3287 1055 3329; x_wconf 84' lang='lat' dir='ltr'><strong>se</strong></span> <span class='ocrx_word' id='word_1_249' title='bbox 1075 3276 1305 3350; x_wconf 78' lang='lat' dir='ltr'><strong>prosequentem</strong></span> <span class='ocrx_word' id='word_1_250' title='bbox 1332 3265 1510 3348; x_wconf 80' lang='lat' dir='ltr'><strong>(Mobillon,</strong></span> <span class='ocrx_word' id='word_1_251' title='bbox 1537 3265 1629 3332; x_wconf 87' lang='lat' dir='ltr'><strong>Saec.</strong></span> <span class='ocrx_word' id='word_1_252' title='bbox 1655 3265 1713 3348; x_wconf 91' lang='grc' dir='ltr'><strong>ΠΙ,</strong></span> <span class='ocrx_word' id='word_1_253' title='bbox 1741 3269 1770 3346; x_wconf 93' lang='grc'><strong>2,</strong></span> <span class='ocrx_word' id='word_1_254' title='bbox 1799 3287 1830 3351; x_wconf 92' lang='lat' dir='ltr'><strong>p.</strong></span> <span class='ocrx_word' id='word_1_255' title='bbox 1853 3268 1923 3350; x_wconf 89' lang='grc'>100)</span> 
     </span>
     <span class='ocr_line' id='line_1_25' title="bbox 502 3366 1928 3455; baseline 0.003 -23"><span class='ocrx_word' id='word_1_256' title='bbox 502 3368 638 3454; x_wconf 88' lang='lat' dir='ltr'><strong>abrupte</strong></span> <span class='ocrx_word' id='word_1_257' title='bbox 668 3367 796 3435; x_wconf 88' lang='lat' dir='ltr'><strong>desiuit.</strong></span> <span class='ocrx_word' id='word_1_258' title='bbox 826 3406 869 3416; x_wconf 95' lang='lat'>—</span> <span class='ocrx_word' id='word_1_259' title='bbox 899 3366 1009 3436; x_wconf 88' lang='lat' dir='ltr'><strong>Codex</strong></span> <span class='ocrx_word' id='word_1_260' title='bbox 1039 3368 1164 3433; x_wconf 91' lang='lat' dir='ltr'><strong>mendis</strong></span> <span class='ocrx_word' id='word_1_261' title='bbox 1194 3367 1331 3434; x_wconf 85' lang='lat' dir='ltr'><strong>refertus</strong></span> <span class='ocrx_word' id='word_1_262' title='bbox 1362 3367 1533 3433; x_wconf 87' lang='lat' dir='ltr'><strong>alibrario</strong></span> <span class='ocrx_word' id='word_1_263' title='bbox 1556 3369 1766 3452; x_wconf 88' lang='lat' dir='ltr'><strong>neglegenter</strong></span> <span class='ocrx_word' id='word_1_264' title='bbox 1788 3369 1928 3455; x_wconf 87' lang='lat' dir='ltr'><strong>scriptus</strong></span> 
     </span>
     <span class='ocr_line' id='line_1_26' title="bbox 504 3471 1928 3553; baseline 0.002 -16"><span class='ocrx_word' id='word_1_265' title='bbox 504 3478 562 3553; x_wconf 90' lang='lat' dir='ltr'><strong>est,</strong></span> <span class='ocrx_word' id='word_1_266' title='bbox 589 3471 717 3537; x_wconf 91' lang='lat' dir='ltr'><strong>omissis</strong></span> <span class='ocrx_word' id='word_1_267' title='bbox 740 3493 803 3538; x_wconf 90' lang='lat' dir='ltr'><strong>non</strong></span> <span class='ocrx_word' id='word_1_268' title='bbox 825 3473 929 3538; x_wconf 91' lang='lat' dir='ltr'><strong>solum</strong></span> <span class='ocrx_word' id='word_1_269' title='bbox 951 3471 1059 3537; x_wconf 86' lang='lat' dir='ltr'><strong>verbis</strong></span> <span class='ocrx_word' id='word_1_270' title='bbox 1082 3472 1260 3539; x_wconf 89' lang='lat' dir='ltr'><strong>sedetiam</strong></span> <span class='ocrx_word' id='word_1_271' title='bbox 1283 3471 1463 3538; x_wconf 91' lang='lat' dir='ltr'><strong>sententiis.</strong></span> <span class='ocrx_word' id='word_1_272' title='bbox 1482 3510 1524 3520; x_wconf 96' lang='lat'>-</span> <span class='ocrx_word' id='word_1_273' title='bbox 1547 3473 1650 3538; x_wconf 85' lang='lat' dir='ltr'><strong>Waitz</strong></span> <span class='ocrx_word' id='word_1_274' title='bbox 1673 3473 1828 3538; x_wconf 89' lang='lat' dir='ltr'><strong>nonnulla</strong></span> <span class='ocrx_word' id='word_1_275' title='bbox 1850 3494 1928 3540; x_wconf 88' lang='lat' dir='ltr'><strong>eno-</strong></span> 
     </span>
     <span class='ocr_line' id='line_1_27' title="bbox 501 3575 592 3641; baseline -0.022 -1"><span class='ocrx_word' id='word_1_276' title='bbox 501 3575 592 3641; x_wconf 82' lang='lat' dir='ltr'><strong>tavit.</strong></span> 
     </span>
    </p>

    <p class='ocr_par' dir='ltr' id='par_1_7' title="bbox 296 3676 1927 4365">
     <span class='ocr_line' id='line_1_28' title="bbox 296 3676 1926 3764; baseline 0.004 -23"><span class='ocrx_word' id='word_1_277' title='bbox 296 3676 325 3741; x_wconf 91' lang='lat' dir='ltr'><strong>G</strong></span> <span class='ocrx_word' id='word_1_278' title='bbox 456 3676 565 3743; x_wconf 88' lang='lat' dir='ltr'><strong>Codex</strong></span> <span class='ocrx_word' id='word_1_279' title='bbox 581 3677 773 3745; x_wconf 88' lang='lat' dir='ltr'><strong>Parisiensis</strong></span> <span class='ocrx_word' id='word_1_280' title='bbox 789 3678 922 3744; x_wconf 90' lang='lat' dir='ltr'><strong>Latinus</strong></span> <span class='ocrx_word' id='word_1_281' title='bbox 939 3678 972 3744; x_wconf 89' lang='lat' dir='ltr'><strong>S.</strong></span> <span class='ocrx_word' id='word_1_282' title='bbox 992 3677 1145 3745; x_wconf 88' lang='lat' dir='ltr'><strong>Germani</strong></span> <span class='ocrx_word' id='word_1_283' title='bbox 1167 3699 1216 3743; x_wconf 93' lang='lat' dir='ltr'><strong>nr.</strong></span> <span class='ocrx_word' id='word_1_284' title='bbox 1237 3680 1310 3760; x_wconf 87' lang='grc'>597,</span> <span class='ocrx_word' id='word_1_285' title='bbox 1338 3696 1424 3743; x_wconf 87' lang='lat' dir='ltr'><strong>saec.</strong></span> <span class='ocrx_word' id='word_1_286' title='bbox 1443 3677 1483 3759; x_wconf 88' lang='lat' dir='ltr'><strong>X,</strong></span> <span class='ocrx_word' id='word_1_287' title='bbox 1510 3677 1632 3744; x_wconf 85' lang='lat' dir='ltr'><strong>formae</strong></span> <span class='ocrx_word' id='word_1_288' title='bbox 1648 3678 1835 3764; x_wconf 88' lang='lat' dir='ltr'><strong>quadratae,</strong></span> <span class='ocrx_word' id='word_1_289' title='bbox 1861 3688 1926 3747; x_wconf 89' lang='lat' dir='ltr'><strong>tam</strong></span> 
     </span>
     <span class='ocr_line' id='line_1_29' title="bbox 504 3780 1927 3867; baseline 0 -19"><span class='ocrx_word' id='word_1_290' title='bbox 504 3782 671 3865; x_wconf 82' lang='lat' dir='ltr'><strong>eleganter</strong></span> <span class='ocrx_word' id='word_1_291' title='bbox 693 3802 789 3864; x_wconf 90' lang='lat' dir='ltr'><strong>quam</strong></span> <span class='ocrx_word' id='word_1_292' title='bbox 805 3788 952 3848; x_wconf 82' lang='lat' dir='ltr'><strong>accurate</strong></span> <span class='ocrx_word' id='word_1_293' title='bbox 969 3782 1106 3867; x_wconf 86' lang='lat' dir='ltr'><strong>scriptus</strong></span> <span class='ocrx_word' id='word_1_294' title='bbox 1122 3782 1155 3846; x_wconf 84' lang='lat' dir='ltr'><strong>S.</strong></span> <span class='ocrx_word' id='word_1_295' title='bbox 1176 3781 1336 3847; x_wconf 90' lang='lat' dir='ltr'><strong>Germano</strong></span> <span class='ocrx_word' id='word_1_296' title='bbox 1351 3787 1485 3866; x_wconf 89' lang='lat' dir='ltr'><strong>patrono</strong></span> <span class='ocrx_word' id='word_1_297' title='bbox 1500 3787 1586 3846; x_wconf 89' lang='lat' dir='ltr'><strong>totus</strong></span> <span class='ocrx_word' id='word_1_298' title='bbox 1602 3780 1726 3848; x_wconf 81' lang='lat' dir='ltr'><strong>dicatus</strong></span> <span class='ocrx_word' id='word_1_299' title='bbox 1742 3788 1801 3849; x_wconf 88' lang='lat' dir='ltr'><strong>est.</strong></span> <span class='ocrx_word' id='word_1_300' title='bbox 1843 3783 1927 3849; x_wconf 92' lang='lat' dir='ltr'><strong>Con-</strong></span> 
     </span>
     <span class='ocr_line' id='line_1_30' title="bbox 501 3883 1927 3971; baseline 0.002 -22"><span class='ocrx_word' id='word_1_301' title='bbox 501 3884 582 3950; x_wconf 90' lang='lat' dir='ltr'><strong>tinet</strong></span> <span class='ocrx_word' id='word_1_302' title='bbox 605 3883 660 3949; x_wconf 87' lang='lat' dir='ltr'><strong>fol.</strong></span> <span class='ocrx_word' id='word_1_303' title='bbox 691 3889 704 3947; x_wconf 92' lang='lat'>1</span> <span class='ocrx_word' id='word_1_304' title='bbox 730 3884 836 3950; x_wconf 90' lang='lat' dir='ltr'><strong>Vitam</strong></span> <span class='ocrx_word' id='word_1_305' title='bbox 859 3885 893 3950; x_wconf 83' lang='lat' dir='ltr'><strong>S.</strong></span> <span class='ocrx_word' id='word_1_306' title='bbox 920 3886 1084 3969; x_wconf 90' lang='lat' dir='ltr'><strong>Germani,</strong></span> <span class='ocrx_word' id='word_1_307' title='bbox 1117 3885 1172 3951; x_wconf 87' lang='lat' dir='ltr'><strong>fol.</strong></span> <span class='ocrx_word' id='word_1_308' title='bbox 1200 3889 1241 3949; x_wconf 91' lang='grc'>52</span> <span class='ocrx_word' id='word_1_309' title='bbox 1268 3885 1524 3950; x_wconf 83' lang='lat' dir='ltr'><strong>Translationem</strong></span> <span class='ocrx_word' id='word_1_310' title='bbox 1548 3885 1687 3971; x_wconf 89' lang='lat' dir='ltr'><strong>corporis</strong></span> <span class='ocrx_word' id='word_1_311' title='bbox 1712 3885 1746 3950; x_wconf 86' lang='lat' dir='ltr'><strong>S.</strong></span> <span class='ocrx_word' id='word_1_312' title='bbox 1773 3885 1927 3952; x_wconf 90' lang='lat' dir='ltr'><strong>Germani</strong></span> 
     </span>
     <span class='ocr_line' id='line_1_31' title="bbox 504 3987 1924 4072; baseline 0.001 -19"><span class='ocrx_word' id='word_1_313' title='bbox 504 3987 646 4072; x_wconf 87' lang='lat' dir='ltr'><strong>episcopi</strong></span> <span class='ocrx_word' id='word_1_314' title='bbox 669 3994 701 4052; x_wconf 91' lang='lat' dir='ltr'><strong>et</strong></span> <span class='ocrx_word' id='word_1_315' title='bbox 723 3987 926 4071; x_wconf 87' lang='lat' dir='ltr'><strong>confessoris,</strong></span> <span class='ocrx_word' id='word_1_316' title='bbox 953 3988 1008 4054; x_wconf 86' lang='lat' dir='ltr'><strong>fol.</strong></span> <span class='ocrx_word' id='word_1_317' title='bbox 1035 3991 1075 4053; x_wconf 88' lang='grc'><strong>67</strong></span> <span class='ocrx_word' id='word_1_318' title='bbox 1100 3987 1239 4054; x_wconf 84' lang='lat' dir='ltr'><strong>Aimoini</strong></span> <span class='ocrx_word' id='word_1_319' title='bbox 1262 3988 1428 4053; x_wconf 87' lang='lat' dir='ltr'><strong>historiam</strong></span> <span class='ocrx_word' id='word_1_320' title='bbox 1451 3987 1675 4054; x_wconf 91' lang='lat' dir='ltr'><strong>miraculorum</strong></span> <span class='ocrx_word' id='word_1_321' title='bbox 1699 3989 1732 4053; x_wconf 88' lang='lat' dir='ltr'><strong>S.</strong></span> <span class='ocrx_word' id='word_1_322' title='bbox 1760 3987 1924 4056; x_wconf 87' lang='lat' dir='ltr'><strong>Germani.</strong></span> 
     </span>
     <span class='ocr_line' id='line_1_32' title="bbox 502 4090 1925 4178; baseline 0.002 -21"><span class='ocrx_word' id='word_1_323' title='bbox 502 4090 612 4157; x_wconf 88' lang='lat' dir='ltr'><strong>Codex</strong></span> <span class='ocrx_word' id='word_1_324' title='bbox 634 4091 825 4159; x_wconf 88' lang='lat' dir='ltr'><strong>emendatus</strong></span> <span class='ocrx_word' id='word_1_325' title='bbox 849 4098 898 4158; x_wconf 91' lang='lat' dir='ltr'><strong>est</strong></span> <span class='ocrx_word' id='word_1_326' title='bbox 919 4092 982 4173; x_wconf 92' lang='lat' dir='ltr'><strong>bis,</strong></span> <span class='ocrx_word' id='word_1_327' title='bbox 1008 4092 1144 4178; x_wconf 90' lang='lat' dir='ltr'><strong>primum</strong></span> <span class='ocrx_word' id='word_1_328' title='bbox 1168 4112 1266 4158; x_wconf 91' lang='lat' dir='ltr'><strong>manu</strong></span> <span class='ocrx_word' id='word_1_329' title='bbox 1289 4111 1375 4157; x_wconf 91' lang='lat' dir='ltr'><strong>saec.</strong></span> <span class='ocrx_word' id='word_1_330' title='bbox 1394 4090 1501 4177; x_wconf 67' lang='lat' dir='ltr'><strong>xlxi,</strong></span> <span class='ocrx_word' id='word_1_331' title='bbox 1527 4112 1611 4175; x_wconf 93' lang='lat' dir='ltr'><strong>quae</strong></span> <span class='ocrx_word' id='word_1_332' title='bbox 1627 4098 1749 4158; x_wconf 89' lang='lat' dir='ltr'><strong>textum</strong></span> <span class='ocrx_word' id='word_1_333' title='bbox 1765 4093 1925 4160; x_wconf 91' lang='lat' dir='ltr'><strong>sincerum</strong></span> 
     </span>
     <span class='ocr_line' id='line_1_33' title="bbox 500 4194 1922 4282; baseline 0.003 -22"><span class='ocrx_word' id='word_1_334' title='bbox 500 4194 547 4260; x_wconf 91' lang='lat' dir='ltr'><strong>ita</strong></span> <span class='ocrx_word' id='word_1_335' title='bbox 569 4195 773 4279; x_wconf 87' lang='lat' dir='ltr'><strong>adulteravit,</strong></span> <span class='ocrx_word' id='word_1_336' title='bbox 800 4203 834 4262; x_wconf 93' lang='lat' dir='ltr'><strong>ut</strong></span> <span class='ocrx_word' id='word_1_337' title='bbox 857 4196 1015 4282; x_wconf 89' lang='lat' dir='ltr'><strong>scriptura</strong></span> <span class='ocrx_word' id='word_1_338' title='bbox 1037 4196 1124 4281; x_wconf 87' lang='lat' dir='ltr'><strong>prior</strong></span> <span class='ocrx_word' id='word_1_339' title='bbox 1139 4195 1194 4261; x_wconf 78' lang='lat' dir='ltr'><strong>vin</strong></span> <span class='ocrx_word' id='word_1_340' title='bbox 1210 4194 1349 4261; x_wconf 90' lang='lat' dir='ltr'><strong>discerni</strong></span> <span class='ocrx_word' id='word_1_341' title='bbox 1363 4194 1476 4279; x_wconf 90' lang='lat' dir='ltr'><strong>possit,</strong></span> <span class='ocrx_word' id='word_1_342' title='bbox 1502 4194 1618 4261; x_wconf 89' lang='lat' dir='ltr'><strong>iterum</strong></span> <span class='ocrx_word' id='word_1_343' title='bbox 1633 4216 1731 4263; x_wconf 91' lang='lat' dir='ltr'><strong>manu</strong></span> <span class='ocrx_word' id='word_1_344' title='bbox 1747 4215 1833 4264; x_wconf 87' lang='lat' dir='ltr'><strong>saec.</strong></span> <span class='ocrx_word' id='word_1_345' title='bbox 1851 4197 1922 4264; x_wconf 86' lang='lat' dir='ltr'><strong>XV.</strong></span> 
     </span>
     <span class='ocr_line' id='line_1_34' title="bbox 503 4298 842 4365; baseline 0 -2"><span class='ocrx_word' id='word_1_346' title='bbox 503 4334 545 4344; x_wconf 94' lang='lat'>—</span> <span class='ocrx_word' id='word_1_347' title='bbox 567 4298 673 4365; x_wconf 83' lang='lat' dir='ltr'><strong>Waitx</strong></span> <span class='ocrx_word' id='word_1_348' title='bbox 697 4298 842 4365; x_wconf 90' lang='lat' dir='ltr'><strong>contulit.</strong></span> 
     </span>
    </p>

    <p class='ocr_par' dir='ltr' id='par_1_8' title="bbox 452 4400 1926 4779">
     <span class='ocr_line' id='line_1_35' title="bbox 452 4400 1924 4488; baseline 0.003 -22"><span class='ocrx_word' id='word_1_349' title='bbox 452 4400 563 4469; x_wconf 93' lang='lat' dir='ltr'><strong>Codex</strong></span> <span class='ocrx_word' id='word_1_350' title='bbox 578 4402 772 4469; x_wconf 89' lang='lat' dir='ltr'><strong>Parisiensis</strong></span> <span class='ocrx_word' id='word_1_351' title='bbox 787 4403 921 4468; x_wconf 91' lang='lat' dir='ltr'><strong>Latinus</strong></span> <span class='ocrx_word' id='word_1_352' title='bbox 943 4423 992 4468; x_wconf 90' lang='lat' dir='ltr'><strong>nr.</strong></span> <span class='ocrx_word' id='word_1_353' title='bbox 1013 4404 1107 4484; x_wconf 86' lang='lat'><strong>3801,</strong></span> <span class='ocrx_word' id='word_1_354' title='bbox 1134 4401 1256 4468; x_wconf 85' lang='lat' dir='ltr'><strong>formae</strong></span> <span class='ocrx_word' id='word_1_355' title='bbox 1272 4421 1421 4486; x_wconf 88' lang='lat' dir='ltr'><strong>magnae,</strong></span> <span class='ocrx_word' id='word_1_356' title='bbox 1448 4421 1534 4468; x_wconf 90' lang='lat' dir='ltr'><strong>saec.</strong></span> <span class='ocrx_word' id='word_1_357' title='bbox 1553 4400 1618 4466; x_wconf 86' lang='lat' dir='ltr'><strong>XII</strong></span> <span class='ocrx_word' id='word_1_358' title='bbox 1633 4401 1781 4488; x_wconf 85' lang='lat' dir='ltr'><strong>scriptus,</strong></span> <span class='ocrx_word' id='word_1_359' title='bbox 1808 4403 1864 4470; x_wconf 86' lang='lat' dir='ltr'><strong>foi.</strong></span> <span class='ocrx_word' id='word_1_360' title='bbox 1885 4410 1924 4471; x_wconf 94' lang='grc'><strong>55</strong></span> 
     </span>
     <span class='ocr_line' id='line_1_36' title="bbox 504 4504 1926 4590; baseline 0.003 -20"><span class='ocrx_word' id='word_1_361' title='bbox 504 4505 608 4572; x_wconf 87' lang='lat' dir='ltr'><strong>Vitam</strong></span> <span class='ocrx_word' id='word_1_362' title='bbox 631 4506 665 4571; x_wconf 84' lang='lat' dir='ltr'><strong>S.</strong></span> <span class='ocrx_word' id='word_1_363' title='bbox 692 4505 844 4571; x_wconf 90' lang='lat' dir='ltr'><strong>Germani</strong></span> <span class='ocrx_word' id='word_1_364' title='bbox 868 4506 1023 4586; x_wconf 90' lang='lat' dir='ltr'><strong>continet,</strong></span> <span class='ocrx_word' id='word_1_365' title='bbox 1051 4525 1145 4590; x_wconf 90' lang='lat' dir='ltr'><strong>quarn</strong></span> <span class='ocrx_word' id='word_1_366' title='bbox 1169 4504 1353 4570; x_wconf 84' lang='lat' dir='ltr'><strong>Translatio</strong></span> <span class='ocrx_word' id='word_1_367' title='bbox 1376 4505 1529 4587; x_wconf 89' lang='lat' dir='ltr'><strong>sequitur.</strong></span> <span class='ocrx_word' id='word_1_368' title='bbox 1578 4504 1695 4590; x_wconf 89' lang='lat' dir='ltr'><strong>Capita</strong></span> <span class='ocrx_word' id='word_1_369' title='bbox 1717 4509 1844 4571; x_wconf 86' lang='lat'>35-72</span> <span class='ocrx_word' id='word_1_370' title='bbox 1868 4507 1926 4574; x_wconf 92' lang='lat' dir='ltr'><strong>de-</strong></span> 
     </span>
     <span class='ocr_line' id='line_1_37' title="bbox 501 4608 1922 4694; baseline 0.001 -20"><span class='ocrx_word' id='word_1_371' title='bbox 501 4609 693 4674; x_wconf 89' lang='lat' dir='ltr'><strong>siderantur.</strong></span> <span class='ocrx_word' id='word_1_372' title='bbox 733 4609 844 4675; x_wconf 89' lang='lat' dir='ltr'><strong>Codex</strong></span> <span class='ocrx_word' id='word_1_373' title='bbox 867 4629 907 4675; x_wconf 91' lang='lat' dir='ltr'><strong>ex</strong></span> <span class='ocrx_word' id='word_1_374' title='bbox 927 4609 967 4691; x_wconf 89' lang='lat' dir='ltr'><strong>G,</strong></span> <span class='ocrx_word' id='word_1_375' title='bbox 994 4615 1161 4694; x_wconf 91' lang='lat' dir='ltr'><strong>postquam</strong></span> <span class='ocrx_word' id='word_1_376' title='bbox 1186 4608 1377 4674; x_wconf 92' lang='lat' dir='ltr'><strong>emendatus</strong></span> <span class='ocrx_word' id='word_1_377' title='bbox 1399 4615 1457 4689; x_wconf 90' lang='lat' dir='ltr'><strong>est,</strong></span> <span class='ocrx_word' id='word_1_378' title='bbox 1486 4608 1667 4693; x_wconf 90' lang='lat' dir='ltr'><strong>exscriptus</strong></span> <span class='ocrx_word' id='word_1_379' title='bbox 1688 4608 1816 4676; x_wconf 85' lang='lat' dir='ltr'><strong>videtur</strong></span> <span class='ocrx_word' id='word_1_380' title='bbox 1837 4630 1922 4678; x_wconf 86' lang='lat' dir='ltr'><strong>esse.</strong></span> 
     </span>
     <span class='ocr_line' id='line_1_38' title="bbox 502 4712 1021 4779; baseline 0 -2"><span class='ocrx_word' id='word_1_381' title='bbox 502 4750 544 4759; x_wconf 94' lang='lat'>-</span> <span class='ocrx_word' id='word_1_382' title='bbox 566 4713 671 4777; x_wconf 85' lang='lat' dir='ltr'><strong>Waitx</strong></span> <span class='ocrx_word' id='word_1_383' title='bbox 693 4714 847 4778; x_wconf 91' lang='lat' dir='ltr'><strong>nonnulla</strong></span> <span class='ocrx_word' id='word_1_384' title='bbox 869 4712 1021 4779; x_wconf 84' lang='lat' dir='ltr'><strong>enotavit.</strong></span> 
     </span>
    </p>

    <p class='ocr_par' dir='ltr' id='par_1_9' title="bbox 451 4814 1926 5108">
     <span class='ocr_line' id='line_1_39' title="bbox 451 4814 1926 4898; baseline 0.001 -16"><span class='ocrx_word' id='word_1_385' title='bbox 451 4816 560 4882; x_wconf 88' lang='lat' dir='ltr'><strong>Codex</strong></span> <span class='ocrx_word' id='word_1_386' title='bbox 583 4816 776 4881; x_wconf 87' lang='lat' dir='ltr'><strong>Parisiensis</strong></span> <span class='ocrx_word' id='word_1_387' title='bbox 798 4816 933 4881; x_wconf 89' lang='lat' dir='ltr'><strong>Latinus</strong></span> <span class='ocrx_word' id='word_1_388' title='bbox 956 4837 1003 4881; x_wconf 92' lang='lat' dir='ltr'><strong>nr.</strong></span> <span class='ocrx_word' id='word_1_389' title='bbox 1024 4819 1120 4898; x_wconf 89' lang='grc'>5296,</span> <span class='ocrx_word' id='word_1_390' title='bbox 1147 4816 1268 4882; x_wconf 88' lang='lat' dir='ltr'><strong>formae</strong></span> <span class='ocrx_word' id='word_1_391' title='bbox 1287 4815 1458 4897; x_wconf 87' lang='lat' dir='ltr'><strong>maximae,</strong></span> <span class='ocrx_word' id='word_1_392' title='bbox 1485 4834 1571 4881; x_wconf 90' lang='lat' dir='ltr'><strong>saec.</strong></span> <span class='ocrx_word' id='word_1_393' title='bbox 1591 4814 1683 4897; x_wconf 86' lang='lat' dir='ltr'><strong>XHI,</strong></span> <span class='ocrx_word' id='word_1_394' title='bbox 1709 4817 1827 4881; x_wconf 89' lang='lat' dir='ltr'><strong>cumH</strong></span> <span class='ocrx_word' id='word_1_395' title='bbox 1849 4837 1926 4883; x_wconf 89' lang='lat' dir='ltr'><strong>eon-</strong></span> 
     </span>
     <span class='ocr_line' id='line_1_40' title="bbox 500 4917 1924 5004; baseline 0.002 -20"><span class='ocrx_word' id='word_1_396' title='bbox 500 4919 614 5000; x_wconf 90' lang='lat' dir='ltr'><strong>sentit,</strong></span> <span class='ocrx_word' id='word_1_397' title='bbox 647 4918 706 4984; x_wconf 93' lang='lat' dir='ltr'><strong>sed</strong></span> <span class='ocrx_word' id='word_1_398' title='bbox 727 4919 833 4985; x_wconf 91' lang='lat' dir='ltr'><strong>minus</strong></span> <span class='ocrx_word' id='word_1_399' title='bbox 855 4926 1005 4986; x_wconf 87' lang='lat' dir='ltr'><strong>accurate</strong></span> <span class='ocrx_word' id='word_1_400' title='bbox 1028 4919 1166 5004; x_wconf 89' lang='lat' dir='ltr'><strong>scriptus</strong></span> <span class='ocrx_word' id='word_1_401' title='bbox 1187 4926 1248 4986; x_wconf 90' lang='lat' dir='ltr'><strong>est.</strong></span> <span class='ocrx_word' id='word_1_402' title='bbox 1296 4917 1479 4985; x_wconf 68' lang='lat' dir='ltr'><strong>&#39;translatio</strong></span> <span class='ocrx_word' id='word_1_403' title='bbox 1501 4917 1715 4985; x_wconf 88' lang='lat' dir='ltr'><strong>desideratur.</strong></span> <span class='ocrx_word' id='word_1_404' title='bbox 1747 4957 1790 4966; x_wconf 96' lang='lat'>—</span> <span class='ocrx_word' id='word_1_405' title='bbox 1819 4920 1924 4988; x_wconf 86' lang='lat' dir='ltr'><strong>Waltz</strong></span> 
     </span>
     <span class='ocr_line' id='line_1_41' title="bbox 500 5022 792 5108; baseline 0.003 -21"><span class='ocrx_word' id='word_1_406' title='bbox 500 5022 619 5089; x_wconf 89' lang='lat' dir='ltr'><strong>librum</strong></span> <span class='ocrx_word' id='word_1_407' title='bbox 640 5023 792 5108; x_wconf 89' lang='lat' dir='ltr'><strong>inspexit.</strong></span> 
     </span>
    </p>
   </div>
   <div class='ocr_carea' id='block_1_5' title="bbox 381 5299 1924 5451">
    <p class='ocr_par' dir='ltr' id='par_1_10' title="bbox 381 5299 1924 5451">
     <span class='ocr_line' id='line_1_42' title="bbox 381 5299 1277 5365; baseline 0.002 -17"><span class='ocrx_word' id='word_1_408' title='bbox 381 5300 405 5359; x_wconf 87' lang='lat'><strong>5)</strong></span> <span class='ocrx_word' id='word_1_409' title='bbox 427 5300 466 5349; x_wconf 88' lang='lat' dir='ltr'><strong>Ci.</strong></span> <span class='ocrx_word' id='word_1_410' title='bbox 486 5299 499 5365; x_wconf 64' lang='grc' dir='ltr'><strong>ξ</strong></span> <span class='ocrx_word' id='word_1_411' title='bbox 521 5299 582 5348; x_wconf 85' lang='lat' dir='ltr'><strong>iis:</strong></span> <span class='ocrx_word' id='word_1_412' title='bbox 604 5299 653 5349; x_wconf 81' lang='lat' dir='ltr'><strong>Sed</strong></span> <span class='ocrx_word' id='word_1_413' title='bbox 671 5301 729 5350; x_wconf 82' lang='lat' dir='ltr'><strong>beer</strong></span> <span class='ocrx_word' id='word_1_414' title='bbox 747 5304 774 5351; x_wconf 80' lang='lat' dir='ltr'><strong>ia</strong></span> <span class='ocrx_word' id='word_1_415' title='bbox 791 5301 905 5351; x_wconf 75' lang='lat' dir='ltr'><strong>rabiente</strong></span> <span class='ocrx_word' id='word_1_416' title='bbox 922 5307 1050 5363; x_wconf 61' lang='lat' dir='ltr'><strong>promente</strong></span> <span class='ocrx_word' id='word_1_417' title='bbox 1067 5316 1106 5350; x_wconf 84' lang='lat' dir='ltr'><strong>me</strong></span> <span class='ocrx_word' id='word_1_418' title='bbox 1123 5306 1191 5363; x_wconf 78' lang='lat' dir='ltr'><strong>qesta</strong></span> <span class='ocrx_word' id='word_1_419' title='bbox 1208 5306 1277 5350; x_wconf 78' lang='lat' dir='ltr'><strong>aaut.</strong></span> 
     </span>
     <span class='ocr_line' id='line_1_43' title="bbox 381 5384 1924 5451; baseline 0.003 -16"><span class='ocrx_word' id='word_1_420' title='bbox 381 5386 406 5446; x_wconf 94' lang='grc'><strong>6)</strong></span> <span class='ocrx_word' id='word_1_421' title='bbox 426 5386 467 5434; x_wconf 86' lang='lat' dir='ltr'><strong>Gi.</strong></span> <span class='ocrx_word' id='word_1_422' title='bbox 486 5400 509 5435; x_wconf 88' lang='lat' dir='ltr'><strong>c.</strong></span> <span class='ocrx_word' id='word_1_423' title='bbox 530 5386 615 5434; x_wconf 81' lang='lat' dir='ltr'>LXV:</span> <span class='ocrx_word' id='word_1_424' title='bbox 643 5387 733 5435; x_wconf 81' lang='lat' dir='ltr'><strong>Itidem</strong></span> <span class='ocrx_word' id='word_1_425' title='bbox 757 5402 815 5436; x_wconf 81' lang='lat' dir='ltr'><strong>eam</strong></span> <span class='ocrx_word' id='word_1_426' title='bbox 833 5388 946 5436; x_wconf 76' lang='lat' dir='ltr'><strong>Partitur</strong></span> <span class='ocrx_word' id='word_1_427' title='bbox 968 5388 1001 5436; x_wconf 83' lang='lat' dir='ltr'><strong>od</strong></span> <span class='ocrx_word' id='word_1_428' title='bbox 1026 5389 1153 5437; x_wconf 81' lang='lat' dir='ltr'><strong>baritirom</strong></span> <span class='ocrx_word' id='word_1_429' title='bbox 1177 5391 1317 5436; x_wconf 70' lang='lat' dir='ltr'><strong>amiciorum</strong></span> <span class='ocrx_word' id='word_1_430' title='bbox 1335 5384 1438 5435; x_wconf 75' lang='lat' dir='ltr'><strong>(terrori</strong></span> <span class='ocrx_word' id='word_1_431' title='bbox 1460 5392 1483 5435; x_wconf 82' lang='lat' dir='ltr'><strong>et</strong></span> <span class='ocrx_word' id='word_1_432' title='bbox 1507 5386 1604 5436; x_wconf 69' lang='lat' dir='ltr'><strong>Psotcd</strong></span> <span class='ocrx_word' id='word_1_433' title='bbox 1627 5388 1716 5436; x_wconf 81' lang='lat' dir='ltr'><strong>omndi</strong></span> <span class='ocrx_word' id='word_1_434' title='bbox 1740 5402 1818 5438; x_wconf 77' lang='lat' dir='ltr'><strong>roasa</strong></span> <span class='ocrx_word' id='word_1_435' title='bbox 1839 5404 1924 5451; x_wconf 81' lang='lat' dir='ltr'><strong>prooe-</strong></span> 
     </span>
    </p>
   </div>
   <div class='ocr_carea' id='block_1_6' title="bbox 294 5469 1243 5623">
    <p class='ocr_par' dir='ltr' id='par_1_11' title="bbox 294 5469 1243 5623">
     <span class='ocr_line' id='line_1_44' title="bbox 294 5469 1243 5536; baseline 0.005 -20"><span class='ocrx_word' id='word_1_436' title='bbox 294 5469 410 5519; x_wconf 85' lang='lat' dir='ltr'><strong>deret-</strong></span> <span class='ocrx_word' id='word_1_437' title='bbox 427 5498 462 5507; x_wconf 90' lang='lat'>—</span> <span class='ocrx_word' id='word_1_438' title='bbox 479 5498 514 5507; x_wconf 93' lang='lat'><em>-</em></span> <span class='ocrx_word' id='word_1_439' title='bbox 531 5473 599 5522; x_wconf 79' lang='lat' dir='ltr'><strong>Haeo</strong></span> <span class='ocrx_word' id='word_1_440' title='bbox 617 5486 710 5536; x_wconf 78' lang='lat' dir='ltr'><strong>qaoque</strong></span> <span class='ocrx_word' id='word_1_441' title='bbox 727 5473 869 5522; x_wconf 67' lang='lat' dir='ltr'><strong>renuenda</strong></span> <span class='ocrx_word' id='word_1_442' title='bbox 884 5479 1014 5535; x_wconf 66' lang='lat' dir='ltr'><strong>moerente</strong></span> <span class='ocrx_word' id='word_1_443' title='bbox 1031 5488 1069 5522; x_wconf 85' lang='lat' dir='ltr'><strong>me</strong></span> <span class='ocrx_word' id='word_1_444' title='bbox 1086 5479 1156 5534; x_wconf 82' lang='lat' dir='ltr'><strong>qesta</strong></span> <span class='ocrx_word' id='word_1_445' title='bbox 1173 5477 1243 5522; x_wconf 80' lang='lat' dir='ltr'><strong>sant.</strong></span> 
     </span>
     <span class='ocr_line' id='line_1_45' title="bbox 382 5557 861 5623; baseline 0.004 -17"><span class='ocrx_word' id='word_1_446' title='bbox 382 5557 404 5618; x_wconf 88' lang='grc'><strong>7)</strong></span> <span class='ocrx_word' id='word_1_447' title='bbox 427 5558 467 5606; x_wconf 90' lang='lat' dir='ltr'><strong>Ci.</strong></span> <span class='ocrx_word' id='word_1_448' title='bbox 488 5558 572 5607; x_wconf 84' lang='lat' dir='ltr'><strong>Neues</strong></span> <span class='ocrx_word' id='word_1_449' title='bbox 590 5560 683 5607; x_wconf 79' lang='lat' dir='ltr'><strong>Archiv</strong></span> <span class='ocrx_word' id='word_1_450' title='bbox 702 5560 733 5618; x_wconf 83' lang='lat' dir='ltr'><strong>V,</strong></span> <span class='ocrx_word' id='word_1_451' title='bbox 754 5575 781 5623; x_wconf 84' lang='lat' dir='ltr'><strong>p.</strong></span> <span class='ocrx_word' id='word_1_452' title='bbox 802 5558 861 5610; x_wconf 77' lang='lat'><strong>248.</strong></span> 
     </span>
    </p>
   </div>
   <div class='ocr_carea' id='block_1_7' title="bbox 381 5644 1889 5795">
    <p class='ocr_par' dir='ltr' id='par_1_12' title="bbox 381 5644 1889 5795">
     <span class='ocr_line' id='line_1_46' title="bbox 381 5644 1889 5712; baseline 0.003 -18"><span class='ocrx_word' id='word_1_453' title='bbox 381 5644 405 5706; x_wconf 81' lang='grc'><strong>8)</strong></span> <span class='ocrx_word' id='word_1_454' title='bbox 427 5645 509 5693; x_wconf 79' lang='lat' dir='ltr'><strong>Verba</strong></span> <span class='ocrx_word' id='word_1_455' title='bbox 528 5647 633 5708; x_wconf 75' lang='lat' dir='ltr'><strong>quicquic</strong></span> <span class='ocrx_word' id='word_1_456' title='bbox 650 5644 754 5709; x_wconf 74' lang='lat' dir='ltr'><strong>fidelr&#39;ter</strong></span> <span class='ocrx_word' id='word_1_457' title='bbox 771 5644 874 5694; x_wconf 76' lang='lat' dir='ltr'><strong>abitabit</strong></span> <span class='ocrx_word' id='word_1_458' title='bbox 891 5661 905 5694; x_wconf 78' lang='lat' dir='ltr'><strong>a</strong></span> <span class='ocrx_word' id='word_1_459' title='bbox 923 5647 1026 5696; x_wconf 79' lang='lat' dir='ltr'><strong>librario</strong></span> <span class='ocrx_word' id='word_1_460' title='bbox 1043 5647 1136 5696; x_wconf 81' lang='lat' dir='ltr'><strong>omtm</strong></span> <span class='ocrx_word' id='word_1_461' title='bbox 1153 5645 1297 5695; x_wconf 80' lang='lat' dir='ltr'><strong>emendator</strong></span> <span class='ocrx_word' id='word_1_462' title='bbox 1314 5645 1421 5704; x_wconf 75' lang='lat' dir='ltr'><strong>margini</strong></span> <span class='ocrx_word' id='word_1_463' title='bbox 1439 5645 1587 5708; x_wconf 78' lang='lat' dir='ltr'><strong>adscripsit3</strong></span> <span class='ocrx_word' id='word_1_464' title='bbox 1608 5648 1640 5694; x_wconf 86' lang='lat' dir='ltr'><strong>oi.</strong></span> <span class='ocrx_word' id='word_1_465' title='bbox 1661 5648 1726 5695; x_wconf 82' lang='lat' dir='ltr'><strong>iutra</strong></span> <span class='ocrx_word' id='word_1_466' title='bbox 1744 5660 1768 5708; x_wconf 86' lang='lat' dir='ltr'><strong>p.</strong></span> <span class='ocrx_word' id='word_1_467' title='bbox 1791 5646 1833 5712; x_wconf 80' lang='lat' dir='ltr'><strong>ii,</strong></span> <span class='ocrx_word' id='word_1_468' title='bbox 1848 5656 1889 5698; x_wconf 81' lang='lat' dir='ltr'><strong>ib.</strong></span> 
     </span>
     <span class='ocr_line' id='line_1_47' title="bbox 381 5731 1244 5795; baseline 0 -15"><span class='ocrx_word' id='word_1_469' title='bbox 381 5731 406 5793; x_wconf 89' lang='grc'><strong>9)</strong></span> <span class='ocrx_word' id='word_1_470' title='bbox 426 5732 465 5780; x_wconf 82' lang='grc' dir='ltr'>Ι)5</span> <span class='ocrx_word' id='word_1_471' title='bbox 482 5731 609 5780; x_wconf 83' lang='lat' dir='ltr'><strong>codicibus</strong></span> <span class='ocrx_word' id='word_1_472' title='bbox 627 5732 672 5793; x_wconf 91' lang='lat' dir='ltr'><strong>qui</strong></span> <span class='ocrx_word' id='word_1_473' title='bbox 689 5736 831 5794; x_wconf 87' lang='lat' dir='ltr'><strong>sequuntur</strong></span> <span class='ocrx_word' id='word_1_474' title='bbox 848 5733 881 5781; x_wconf 90' lang='lat' dir='ltr'><strong>ct.</strong></span> <span class='ocrx_word' id='word_1_475' title='bbox 902 5732 996 5782; x_wconf 80' lang='lat' dir='ltr'><strong>Archiv</strong></span> <span class='ocrx_word' id='word_1_476' title='bbox 1013 5732 1061 5794; x_wconf 77' lang='lat' dir='ltr'><strong>XI,</strong></span> <span class='ocrx_word' id='word_1_477' title='bbox 1080 5747 1106 5795; x_wconf 82' lang='lat' dir='ltr'><strong>p.</strong></span> <span class='ocrx_word' id='word_1_478' title='bbox 1127 5731 1178 5782; x_wconf 83' lang='grc'>256</span> <span class='ocrx_word' id='word_1_479' title='bbox 1190 5745 1244 5794; x_wconf 86' lang='lat' dir='ltr'><strong>sqq.</strong></span> 
     </span>
    </p>
   </div>
   <div class='ocr_carea' id='block_1_8' title="bbox 372 5831 1718 5887">
    <p class='ocr_par' dir='ltr' id='par_1_13' title="bbox 372 5831 1718 5887">
     <span class='ocr_line' id='line_1_48' title="bbox 372 5831 1718 5887; baseline -0.001 -15"><span class='ocrx_word' id='word_1_480' title='bbox 372 5831 389 5872; x_wconf 81' lang='lat' dir='ltr'>V</span> <span class='ocrx_word' id='word_1_481' title='bbox 389 5844 499 5874; x_wconf 69' lang='lat' dir='ltr'><strong>rrrrrrr</strong></span> <span class='ocrx_word' id='word_1_482' title='bbox 514 5833 530 5873; x_wconf 71' lang='lat' dir='ltr'><strong>i*</strong></span> <span class='ocrx_word' id='word_1_483' title='bbox 531 5843 672 5874; x_wconf 77' lang='lat' dir='ltr'><strong>rrrrrrrrrr</strong></span> <span class='ocrx_word' id='word_1_484' title='bbox 1698 5832 1718 5887; x_wconf 77' lang='lat' dir='ltr'>b</span> 
     </span>
    </p>
   </div>
   <div class='ocr_carea' id='block_1_9' title="bbox 0 0 2192 6182">
    <p class='ocr_par' dir='ltr' id='par_1_14' title="bbox 0 0 2192 6182">
     <span class='ocr_line' id='line_1_49' title="bbox 0 0 2192 6182; baseline 0 0"><span class='ocrx_word' id='word_1_485' title='bbox 0 0 2192 6182; x_wconf 95' lang='lat' dir='ltr'><strong> </strong></span> 
     </span>
    </p>
   </div>
  </div>
 </body>
</html>
