4374 6186
251 397 292 459 92
555 391 752 450 cpvscvuh
770 390 964 451 VENANTIC
983 393 1214 451 FORTVNATO
1234 392 1336 449 hlALE
1355 393 1578 449 ATTRIBVTA

249 583 419 649 Mauriliua
453 583 629 667 apostolica
663 583 869 667 simplicitate
903 583 1072 649 redimitus
1100 583 1269 666 cordisque
1297 583 1439 669 puritate
1469 583 1653 669 perlucidus
1684 584 1765 648 sine
1797 583 1914 648 inter-

249 688 400 753 missione
423 707 480 772 pro
503 687 565 752 sibi
587 687 758 752 commisso
773 686 893 752 Christi
915 706 1016 770 grege
1038 687 1071 752 in
1093 686 1218 770 vigiliis
1242 694 1274 752 et
1296 686 1493 752 orationibus
1516 693 1611 769 atque
1633 686 1776 752 ieiuniis
1795 694 1911 752 totum

250 809 285 856 se
301 811 336 856 se
359 790 488 856 domino
510 789 725 875 mancipabat,
752 794 787 852 ut
809 789 959 872 antiquus
982 788 1084 855 hostis
1106 788 1264 869 diabolus,
1292 790 1347 872 qui
1363 790 1475 855 circuit
1488 797 1641 873 tanquam
1657 790 1711 855 leo
1728 809 1912 874 quaereus

250 894 291 959 de
321 893 442 959 unitate
472 912 566 976 quem
597 891 730 958 devoret
759 892 933 973 ecclesiae,
967 892 1090 956 nullam
1121 912 1161 956 ex
1189 891 1251 957 sibi
1274 891 1388 958 ovibus
1411 891 1542 958 creditis
1563 891 1760 977 temptando
1784 898 1912 977 posset

252 996 382 1063 laedere
405 1004 462 1062 aut
480 995 624 1066 auferre.
1932 1018 1946 1058 s

167 1099 228 1163 XV
343 1102 403 1183 (68)
431 1100 579 1164 Proximo
608 1104 715 1164 autem
742 1105 815 1181 post
836 1105 1001 1180 acceptam
1025 1098 1180 1182 episcopii
1204 1097 1393 1181 dignitatem
1416 1106 1559 1182 tempore
1582 1097 1659 1163 dum
1682 1097 1727 1164 de
1752 1098 1912 1166 basilica

248 1204 335 1269 beati
358 1202 443 1268 Petri
472 1201 610 1286 apostoli
640 1201 864 1284 egrederetur,
898 1199 954 1265 ubi
983 1201 1121 1284 pervigil
1150 1201 1184 1265 in
1217 1200 1414 1266 orationibus
1435 1209 1534 1267 totam
1557 1208 1681 1267 noctem
1704 1202 1911 1268 insomnem

248 1306 401 1388 duxerat,
439 1306 567 1371 obvium
601 1304 713 1369 habuit
746 1303 907 1386 quendam
941 1322 1071 1368 caecum
1106 1323 1146 1368 ex
1181 1310 1271 1369 utero
1303 1303 1414 1369 matris
1445 1323 1523 1369 suae
1553 1312 1716 1371 carentem
1752 1306 1907 1372 lumine.

252 1412 315 1492 (69)
342 1408 434 1487 Quod
460 1429 532 1473 cum
556 1408 617 1474 sibi
640 1427 660 1471 a
682 1406 809 1470 domino
832 1405 929 1470 tribui
952 1425 1009 1489 per
1032 1407 1145 1471 merita
1168 1406 1255 1471 beati
1271 1406 1411 1471 Maurilii
1436 1406 1574 1472 fideliter
1588 1408 1785 1490 postularet,
1817 1409 1912 1475 bea-

247 1521 299 1578 tus
328 1512 462 1577 antistes
493 1511 658 1597 paulisper
686 1508 822 1574 erubuit.
872 1507 936 1573 Sed
966 1528 1037 1573 cum
1069 1527 1165 1593 super
1194 1509 1303 1574 oculos
1332 1509 1435 1593 ipsius
1467 1510 1592 1594 signum
1623 1517 1761 1576 sanctae
1786 1512 1910 1578 crucis
1933 1533 1965 1574 11

248 1614 463 1700 imprimeret,
493 1619 680 1697 erumpente
700 1632 774 1676 mox
799 1611 957 1694 sanguiue
979 1632 1052 1677 cum
1076 1611 1185 1679 dolore
1208 1612 1316 1678 lumen
1340 1612 1424 1695 quod
1447 1632 1619 1695 numquam
1642 1613 1813 1680 habuerat
1840 1615 1910 1681 ha-

248 1720 324 1784 bere
347 1717 535 1804 promeruit.
587 1719 646 1797 (702
675 1715 797 1779 Tamen
829 1714 922 1779 homo
944 1714 1015 1797 ipse
1045 1735 1102 1803 pro
1131 1734 1239 1780 amore
1269 1714 1357 1780 beati
1380 1714 1521 1780 Maurilii
1551 1714 1654 1781 eidem
1684 1716 1779 1782 beati
1807 1717 1910 1783 Petri

250 1820 387 1887 traditus
410 1819 564 1886 basilicae
587 1838 684 1901 quam
708 1817 763 1882 diu
786 1817 821 1881 in
844 1817 1001 1899 reliquum
1024 1817 1149 1884 adrisit
1171 1816 1308 1883 fideliter
1330 1817 1514 1884 deservivit.
1796 1896 1799 1901 g

147 1924 224 1991 XVI
339 1925 400 2004 (71)
428 1921 580 2007 Sequenti
604 1919 783 2004 siquidem
808 1920 860 1985 die
884 1921 978 1985 beato
994 1919 1144 1986 Maurilio
1166 1920 1309 1987 antistite
1331 1921 1364 1984 in
1387 1920 1502 1986 eadem
1525 1921 1611 1986 beati
1635 1921 1721 1987 Petri
1747 1924 1908 2007 apostoli

248 2027 384 2092 basilica
407 2033 518 2092 sancta
541 2023 733 2109 sollempnia
755 2023 951 2103 celebrante,
978 2023 1112 2089 advenit
1133 2044 1206 2090 oum
1230 2024 1383 2089 moriente
1405 2045 1505 2108 puero
1528 2032 1681 2105 matrona,
1709 2025 1767 2090 eui
1785 2046 1910 2108 quon·
1933 2049 1967 2090 ra

249 2130 324 2195 darn
355 2129 456 2195 sterili
485 2129 622 2194 eundem
653 2132 687 2192 ut
715 2132 901 2192 nasceretur
931 2132 1005 2191 ante
1036 2126 1257 2211 episcopatum
1288 2127 1375 2212 apud
1402 2127 1566 2193 dominum
1589 2128 1657 2194 suis
1679 2128 1812 2194 meritis
1841 2130 1910 2195 ob-

248 2234 405 2314 tinuerat,
439 2231 607 2317 postulans
634 2237 668 2295 ut
696 2230 761 2295 lilio
790 2249 849 2294 suo
881 2249 975 2310 quem
1006 2229 1134 2294 domino
1165 2228 1348 2294 habendum
1379 2231 1541 2296 obtulerat
1570 2250 1721 2296 manuum
1756 2251 1909 2298 suarum

246 2336 450 2422 impositione
481 2335 627 2420 spiritum
659 2340 804 2398 sanctum
831 2332 939 2414 daret,
975 2337 1147 2414 antequam
1171 2332 1283 2398 obiret.
1333 2332 1398 2398 Sed
1421 2341 1600 2399 remorante
1622 2333 1656 2397 in
1679 2340 1797 2399 sancta
1825 2355 1909 2400 cor-

249 2441 335 2526 poris
358 2460 396 2505 ac
418 2439 587 2522 sauguinis
602 2437 721 2503 Christi
745 2435 983 2501 consecratione
1006 2435 1173 2519 paululum
1196 2436 1359 2519 praesule,
1386 2456 1465 2520 puer
1482 2435 1630 2501 excessit.
1684 2437 1747 2519 (72)
1777 2436 1908 2515 Quan-

248 2553 315 2610 tum
342 2562 418 2609 vero
449 2543 637 2607 miraculum
669 2560 765 2624 super
795 2538 933 2604 eundern
956 2558 1090 2623 puerum
1115 2546 1188 2622 post
1210 2538 1381 2622 septimum
1404 2537 1614 2622 depositionis
1636 2538 1741 2623 ipsius
1766 2560 1907 2606 annum
1928 2563 1964 2606 11

250 2667 309 2731 per
336 2645 601 2730 pretiosissimum
630 2643 805 2708 antistitem
837 2662 929 2707 suum
952 2640 1136 2706 Mamilium
1166 2641 1316 2707 dominus
1346 2641 1472 2725 operari
1502 2641 1746 2724 dignatusest,
1783 2663 1907 2725 quan-

250 2770 344 2834 quam
367 2750 415 2815 uti
436 2748 500 2814 iam
525 2747 665 2812 diximus
686 2745 769 2810 illud
792 2746 985 2810 Fortunatus
1007 2743 1161 2824 omiserit,
1190 2763 1248 2809 nos
1271 2751 1379 2810 tamen
1401 2744 1532 2810 minime
1555 2743 1772 2824 reticebimus,
1803 2749 1906 2830 quod

250 2872 360 2918 verum
385 2872 456 2919 esse
480 2851 616 2928 scimus,
644 2849 720 2930 quia
743 2848 784 2913 ad
807 2847 944 2929 gloriam
968 2847 1087 2913 Christi
1110 2847 1304 2930 laudemque
1327 2847 1480 2913 antistitis
1504 2848 1554 2913 sui
1576 2867 1627 2914 res
1650 2854 1699 2914 est
1721 2849 1905 2935 condigna

252 2956 402 3022 describi.
455 2956 516 3037 (73)
543 2955 627 3018 Nam
651 2951 798 3017 novimus
822 2950 948 3015 dicente
971 2949 1141 3033 propheta,
1175 2950 1251 3032 quia
1274 2955 1376 3014 omnio
1398 2972 1603 3035 quaecumque
1624 2953 1719 3015 coluit
1743 2954 1904 3020 domiuus

248 3063 320 3143 fccr't
344 3063 375 3122 ia
397 3060 480 3122 coelo
504 3066 531 3119 ct
554 3061 585 3119 r'u
609 3067 703 3135 terrm,
732 3057 919 3117 irrorasset
943 3057 974 3115 r'rr
997 3055 1134 3116 omnibus
1157 3054 1285 3135 ribuaria,
1317 3053 1497 3136 etiterum,
1524 3053 1600 3136 quia
1623 3058 1653 3116 r'rr
1677 3059 1796 3119 sanctis
1824 3063 1902 3123 saris
1925 3077 1962 3121 rs

252 3164 330 3226 idem
354 3171 396 3224 cst
420 3166 484 3243 r'prc
505 3160 670 3222 mirabitis.
722 3156 783 3239 (74)
811 3155 845 3220 si
869 3155 952 3220 enim
978 3155 1149 3237 credimus,
1177 3155 1261 3239 quod
1285 3155 1348 3221 fide
1372 3157 1504 3222 obtenta
1525 3155 1567 3221 ad
1590 3156 1765 3222 iussionem
1791 3161 1902 3226 unius

250 3263 390 3330 hominis
413 3263 476 3341 sol,
508 3262 586 3325 luna
608 3266 798 3341 caeteraque
822 3257 930 3324 sidera
953 3258 1056 3342 spatio
1079 3259 1174 3323 unius
1197 3258 1262 3324 diei
1283 3259 1462 3324 immobilia
1484 3260 1655 3325 substitere
1678 3266 1711 3324 et
1731 3260 1824 3341 quod
1852 3263 1902 3329 ad

251 3366 490 3452 percussionem
524 3363 635 3447 virgae
665 3361 768 3445 Moysi
801 3381 888 3426 mare
917 3361 1058 3426 Rubrum
1092 3362 1126 3426 in
1159 3362 1307 3445 geminas
1341 3370 1391 3427 est
1424 3370 1532 3447 partes
1562 3362 1700 3428 divisum
1732 3362 1900 3447 siccaque

251 3470 358 3537 Horeb
382 3477 474 3555 petra
495 3468 663 3553 perlargas
686 3464 828 3531 evomuit
850 3465 953 3530 undas
976 3464 1125 3546 quodque
1149 3472 1258 3530 contra
1280 3471 1426 3530 naturam
1452 3465 1676 3550 intelligibiles
1699 3465 1794 3530 asina
1819 3467 1901 3534 edi-

252 3574 300 3639 dit
321 3574 492 3658 paveiacta
515 3571 660 3654 loquelas
683 3569 725 3634 ad
747 3568 999 3653 petitionemque
1021 3566 1136 3632 Heliae
1159 3567 1260 3632 tribus
1283 3568 1376 3632 annis
1399 3575 1432 3633 et
1453 3569 1559 3634 medio
1581 3588 1622 3634 ne
1644 3569 1773 3653 plueret
1796 3589 1900 3637 sera-
1922 3595 1959 3637 so

251 3684 318 3742 tum
341 3685 391 3743 est
413 3676 537 3741 caelum
560 3675 738 3756 iterumque
761 3691 833 3737 cum
857 3669 959 3735 voluit
980 3669 1047 3734 suis
1070 3670 1219 3754 precibus
1234 3669 1434 3755 adapertum,
1461 3671 1610 3755 quodque
1626 3679 1674 3736 est
1688 3670 1895 3758 mirabilius,

252 3782 278 3846 si
313 3780 488 3861 credimus,
525 3778 609 3862 quod
644 3775 687 3841 ad
719 3773 972 3858 redemptionem
1007 3772 1139 3837 humani
1171 3773 1299 3855 generis
1330 3773 1469 3839 mirabili
1499 3783 1532 3840 et
1560 3773 1719 3839 indicibili
1751 3775 1899 3859 spiritus

253 3884 354 3950 sancti
377 3903 472 3968 opere
495 3881 627 3947 verbum
650 3878 750 3964 patris
774 3896 869 3943 verus
893 3875 1048 3960 processit
1071 3875 1151 3940 deus
1174 3884 1206 3941 et
1229 3876 1322 3940 homo
1346 3875 1387 3940 de
1410 3876 1535 3960 virgine
1557 3876 1707 3958 idemque
1729 3896 1789 3959 per
1813 3897 1898 3945 cru-

252 3989 298 4053 cis
321 3987 506 4071 mysterium
529 3983 639 4049 mortis
662 3981 820 4047 destruxit
841 3978 1011 4062 imperium
1036 3978 1183 4060 quodque
1207 3979 1303 4043 etiarn
1326 3999 1384 4062 per
1405 3980 1511 4064 ipsum
1533 3980 1566 4044 in
1585 3979 1648 4044 line
1664 3979 1787 4044 saeculi
1804 3979 1898 4050 deus

252 4097 343 4176 pater
372 4077 566 4155 mortuorum
597 4084 758 4150 hominum
782 4082 922 4148 omniurn
946 4101 987 4146 ex
1010 4080 1099 4145 initio
1121 4080 1155 4145 in
1179 4081 1303 4146 cineres
1326 4081 1457 4147 redacta
1480 4083 1538 4148 sub
1561 4089 1721 4148 momento
1743 4087 1898 4151 resusci-
1919 4111 1958 4152 as

250 4193 331 4259 tabit
353 4210 486 4275 corpora
508 4187 629 4255 autad
651 4187 787 4270 gloriam
811 4185 931 4250 autad
954 4203 1090 4268 poenam
1114 4184 1182 4249 sine
1205 4183 1267 4250 fine
1291 4185 1424 4264 victura,
1452 4183 1538 4268 quod
1561 4204 1619 4269 per
1640 4184 1770 4250 beatum
1792 4186 1899 4255 Mau-

339 4365 483 4413 311111.
506 4363 530 4420 5,
552 4361 576 4410 8.
672 4359 889 4420 21111311.
987 4356 1020 4406 25
1040 4356 1080 4405 Ρ1.
1102 4357 1143 4419 67,
1166 4356 1207 4407 uu.
1300 4357 1465 4422 sulcato,
1490 4359 1529 4409 13.
1620 4357 1894 4421 2811111121.

252 4451 383 4502 ‘lexod
407 4450 493 4509 itu.
600 4447 676 4495 Num.
697 4444 738 4506 22,
760 4444 801 4494 28.
910 4444 1091 4505 31111113.
1116 4442 1155 4492 18.

251 4730 313 4777 lirae
338 4726 499 4788 simplicitate
524 4723 591 4772 ritae
616 4729 642 4770 et
664 4721 743 4770 cordis
765 4722 874 4785 puritate
893 4725 1012 4783 totusque
1031 4722 1059 4768 irr
1078 4719 1171 4768 Christi
1191 4720 1325 4782 famulatu,
1355 4720 1395 4768 die
1414 4727 1540 4782 noctuque
1557 4723 1614 4770 sine
1632 4721 1822 4770 intermissione
1843 4737 1897 4786 pro

252 4828 326 4876 grege
349 4812 443 4862 Christi
473 4812 515 4874 qul
545 4810 595 4859 sibl
626 4810 706 4857 iuerat
732 4809 874 4870 assignatus
899 4808 926 4855 iu
952 4808 1046 4868 sigiliis
1069 4813 1095 4855 et
1118 4807 1283 4866 eleemosynis
1306 4808 1460 4856 constitutus
1486 4807 1516 4855 sd
1541 4820 1608 4855 arma
1631 4807 1748 4856 caelestia
1770 4821 1800 4855 se
1824 4821 1895 4860 con.

252 4904 373 4961 verterat,
401 4903 431 4946 ut
454 4897 532 4947 hostis
558 4898 679 4957 antiquus
703 4896 799 4943 nohum
823 4909 854 4943 er
874 4895 961 4943 oribus
987 4894 1036 4942 sibl
1059 4894 1198 4942 commissis
1222 4898 1344 4956 quantum
1369 4895 1396 4942 irr
1421 4895 1475 4956 ipso
1495 4899 1548 4941 erat
1565 4906 1649 4943 morsu
1667 4893 1767 4942 letiiero
1784 4895 1896 4947 laedere

271 4991 348 5036 osset.

253 5002 269 5049 p
339 5070 423 5121 6-13
444 5068 612 5131 Mopncbodus
629 5083 649 5117 c.
667 5069 716 5115 15:
736 5065 798 5115 Cum
818 5067 848 5114 ad
866 5067 996 5115 basilicam
1014 5068 1083 5115 beati
1101 5066 1169 5114 Petri
1187 5065 1294 5127 apostoli
1312 5080 1380 5115 more
1399 5079 1444 5114 suo
1462 5066 1610 5129 pervigilem
1629 5065 1755 5127 quandum
1783 5073 1893 5119 nomem

252 5161 364 5222 duceret,
384 5171 471 5206 caecus
490 5158 610 5205 abutere
630 5155 716 5201 matris
736 5166 795 5201 suae
814 5153 898 5201 lumen
918 5153 1073 5212 incognitum
1093 5167 1106 5200 s
1124 5166 1195 5200 servo
1215 5151 1255 5200 dei
1275 5153 1322 5199 albi
1342 5152 1419 5199 tribui
1438 5166 1494 5200 cum
1513 5153 1574 5199 lietu
1590 5153 1721 5201 obsecrans
1733 5153 1891 5213 postulavit.

252 5248 301 5296 vsi
325 5248 414 5294 beatus
433 5245 567 5293 Mamilius
593 5241 750 5301 signaculum
768 5239 1345 5300 11111111111111111111111111111,
1374 5245 1523 5300 erumpente
1542 5240 1664 5299 sauguine
1683 5240 1819 5301 repentina
1837 5242 1892 5291 iux

251 5335 363 5382 intrarit.
402 5333 480 5380 Homo
503 5333 557 5393 ipse
582 5330 612 5377 ad
638 5326 742 5375 medem
767 5326 893 5374 basilicam
918 5339 944 5373 sc
968 5324 1069 5373 tradens
1092 5326 1209 5373 omnibus
1233 5324 1321 5374 diebus
1340 5327 1408 5373 ritae
1427 5337 1485 5373 suae
1504 5324 1613 5372 fideliter
1632 5324 1768 5373 deservivit
1786 5330 1814 5373 et
1833 5329 1892 5376 vir-

253 5424 338 5467 tutum
356 5421 421 5467 servi
440 5419 480 5465 dei
500 5418 609 5465 ‚lisurilll
628 5415 800 5462 testimouium
820 5411 965 5459 admirabile
985 5412 1042 5458 suit.

255 5584 373 5591 ...ω-κ

341 5691 373 5741 22
391 5688 515 5758 diximus]
532 5706 607 5751 supro
623 5705 650 5750 p.
672 5688 715 5749 Si,
735 5691 752 5737 l.
774 5687 806 5736 25
