4374 6186
309 394 350 458 58
616 391 813 450 OPVSOVLA
832 392 1025 449 VENANTIO
1043 391 1271 449 FORTVNATO
1290 391 1393 447 MALE
1411 392 1636 450 ATTRIBVTA

309 582 451 665 miroque
474 588 606 667 repente
629 583 722 648 modo
744 583 936 649 indurantur
957 584 1062 667 magis
1085 581 1224 649 flammis
1246 583 1354 668 pisces
1368 584 1442 666 lege
1457 590 1579 649 1111111
1593 589 1727 649 naturae
1743 590 1776 650 et
1789 584 1964 650 intracta-

308 687 392 752 biles
416 685 550 769 durique
574 704 689 752 sensus
711 687 793 752 tanti
816 686 957 752 novitate
979 687 1127 753 miraculi
1149 685 1344 752 molliuntur.
1398 688 1459 770 (30)
1486 687 1614 752 Interea
1637 686 1756 752 milites
1774 688 1821 753 ad
1837 706 1961 753 sacer·

309 790 416 856 dotem
450 796 657 871 concurrunt,
699 789 826 875 direpta
858 789 1016 871 referunt,
1058 790 1196 874 genibus
1229 790 1425 871 adhaerent,
1467 789 1595 855 veniam
1629 789 1780 856 facinoris
1815 797 1954 876 petunt.

308 893 451 977 Ignoscit
473 912 564 958 mens
587 893 708 978 pietate
730 893 978 979 promptissima,
1007 893 1107 959 donat
1129 894 1177 959 eis
1200 894 1321 959 crimen
1345 913 1415 958 cum
1439 893 1597 978 piscibus:
1625 914 1699 959 mox
1715 914 1798 976 quae
1815 893 1958 978 direpta

309 995 388 1061 focis
422 996 613 1062 intemerata
646 995 840 1062 duraverant
872 995 1010 1062 flammis
1044 997 1170 1062 reddita
1203 997 1403 1063 edomantur.
1467 998 1527 1078 (31)
1562 996 1622 1061 Hic
1651 998 1766 1062 beatus
1791 973 1996 1082 pontisera

308 1099 449 1165 oratione
479 1099 683 1164 sanctissima
709 1100 797 1184 plebi
821 1098 946 1165 ferendi
968 1100 1192 1166 necessitatem
1215 1099 1368 1183 iniuriae,
1401 1099 1556 1164 militibus
1579 1100 1843 1166 consuetudinem
1869 1101 1956 1167 abs-

307 1201 380 1267 tulit
406 1201 573 1285 infligendi
605 1202 787 1286 pariterque
817 1202 976 1267 ultricium
1007 1203 1056 1268 vis
1085 1203 1225 1269 extincta
1254 1202 1453 1267 flammarum
1485 1210 1518 1268 et
1540 1203 1722 1270 emendatio
1744 1203 1885 1270 militum
1911 1225 1955 1270 ae

308 1305 419 1390 populi
442 1304 511 1370 fuit.
560 1306 738 1371 Praeclan‘s
762 1305 975 1389 gloriosisque
999 1305 1102 1389 signis
1125 1305 1285 1390 stupenda
1309 1306 1495 1371 succedunt.

259 1407 287 1471 V
401 1411 461 1492 (32)
489 1408 567 1473 Erat
588 1428 716 1491 nanque
739 1409 771 1473 iu
794 1408 862 1473 foro
885 1408 917 1473 in
940 1409 1046 1474 altiori
1069 1409 1182 1474 baside
1206 1409 1350 1475 eminens
1373 1408 1611 1479 simulachrum.
1641 1408 1726 1493 quod
1748 1409 1954 1482 virbeatis-

309 1511 410 1577 simus
436 1513 506 1577 zelo
530 1511 631 1577 divini
655 1512 772 1577 amoris
794 1533 949 1578 aecensus
972 1512 1089 1578 deiecit
1111 1520 1206 1595 atque
1230 1511 1397 1596 confregit.
1444 1513 1480 1576 In
1504 1513 1658 1578 ultionem
1681 1513 1778 1597 igitur
1800 1515 1952 1580 numinis
1979 1533 2013 1574 11

309 1615 359 1680 sui
382 1615 561 1698 sacrilegae
584 1615 688 1702 plebis
712 1616 882 1680 multitudo
905 1615 1070 1698 consurgit
1091 1635 1129 1680 ac
1152 1615 1341 1700 limphatico
1363 1615 1468 1681 furore
1491 1635 1647 1681 succensa
1668 1636 1821 1701 praesens
1837 1618 1952 1684 bella-

308 1718 369 1784 tori
400 1718 519 1784 Christi
552 1717 716 1782 minitatur
749 1718 893 1784 exitium.
958 1721 1018 1801 (33)
1052 1718 1116 1784 Sed
1151 1719 1199 1783 vir
1232 1717 1438 1783 beatissimus
1466 1725 1597 1784 mortem
1628 1739 1690 1784 non
1720 1720 1826 1785 timuit
1855 1721 1951 1786 vitae

309 1841 429 1887 amore.
478 1822 591 1903 Neque
621 1821 706 1886 enim
732 1821 783 1886 fas
807 1828 875 1886 erat
899 1822 1105 1886 fortissimum
1131 1822 1318 1887 bellatorem
1342 1829 1546 1906 praesentem
1570 1822 1681 1889 timere
1705 1830 1852 1905 mortem,
1889 1825 1952 1907 qui

309 1924 374 1989 iam
395 1932 559 1990 aeternam
583 1925 800 2008 praesentium
822 1945 928 1990 rerum
951 1931 1134 2009 contemptu
1159 1925 1349 1990 calcaverat.
1397 1925 1510 2007 Itaque
1533 1926 1625 2009 plebs
1649 1926 1834 1991 missorem
1858 1947 1952 1992 nun·

308 2028 352 2094 tio
369 2028 436 2093 viro
453 2028 580 2093 cuidam
596 2027 711 2107 defert,
739 2027 793 2111 qui
810 2034 879 2093 erat
892 2027 951 2093 illo
966 2034 1109 2113 tempore
1125 2027 1280 2092 natalium
1296 2028 1478 2112 splendore,
1505 2029 1636 2111 honore,
1663 2029 1783 2113 tytulis,
1812 2029 1945 2114 opibus,
1977 2051 2013 2091 rs

308 2131 497 2198 auctoritate
521 2131 635 2196 ceteris
658 2132 754 2214 longe
777 2131 999 2215 praestantior.
1053 2133 1114 2214 (31)
1142 2130 1309 2196 0111111111
1331 2131 1382 2196 hic
1406 2133 1602 2198 servulorum
1626 2132 1758 2212 solatia,
1790 2132 1869 2198 sede
1893 2132 1952 2198 in-

309 2241 420 2300 vectus
451 2233 552 2300 curuli
582 2234 693 2299 urbem
723 2234 868 2318 protinus
899 2233 988 2319 petit.
1038 2234 1078 2298 Et
1107 2233 1173 2298 iam
1203 2253 1353 2299 emensus
1375 2233 1451 2315 iter,
1487 2234 1558 2299 dira
1581 2234 1720 2301 fremens
1743 2242 1775 2300 et
1797 2242 1952 2301 extrema

310 2337 475 2420 minitans,
511 2337 582 2402 urbi
612 2336 735 2402 aderat.
790 2339 848 2419 (35)
868 2337 914 2401 *In
944 2336 1050 2402 medio
1073 2344 1179 2401 tamen
1202 2343 1312 2421 portae
1335 2336 1440 2421 pridie
1463 2338 1577 2403 beatus
1600 2337 1743 2423 pontifex
1766 2337 1950 2405 orationem

308 2440 350 2505 ad
382 2440 544 2506 dominum
575 2448 678 2505 terrae
707 2446 886 2525 prostratus
916 2439 1053 2505 fuderat.
1101 2440 1170 2517 Quo
1198 2440 1231 2505 in
1254 2441 1324 2505 loco
1347 2440 1425 2505 miro
1449 2448 1578 2526 stupore
1602 2441 1737 2507 haesere
1760 2441 1890 2525 biiuges
1915 2452 1952 2508 et

309 2551 345 2609 ut
374 2544 577 2610 insensibilia
607 2544 733 2627 riguere
763 2542 967 2608 simulachra.
1016 2543 1071 2607 Nil
1102 2550 1203 2626 agunt
1233 2544 1371 2623 stimuli,
1405 2544 1450 2608 nil
1480 2545 1614 2610 verbera
1637 2565 1737 2611 saeva
1759 2545 1944 2629 proliciunt.
1973 2564 2010 2605 ao

314 2649 375 2730 (36)
403 2647 482 2713 Cum
513 2653 620 2713 autem
648 2646 697 2710 vir
725 2646 782 2711 ille
812 2645 948 2730 insignis
980 2645 1126 2711 miraculi
1156 2647 1297 2711 novitate
1326 2648 1493 2731 perculsus
1525 2646 1567 2711 ad
1594 2647 1812 2712 beatissimum
1837 2648 1948 2713 virum

309 2771 405 2816 unum
430 2771 471 2817 ex
493 2750 685 2816 necessariis
708 2749 837 2814 mittens
860 2756 961 2832 rogat,
988 2756 1023 2814 ut
1045 2749 1100 2834 pia
1122 2770 1195 2816 eum
1218 2749 1361 2815 oratione
1382 2749 1566 2815 absolveret
1587 2770 1681 2834 quem
1705 2750 1828 2815 meritis
1847 2751 1948 2833 quasi

309 2853 445 2919 vinculis
474 2853 656 2933 nexuisset,
689 2852 777 2917 haud
805 2871 894 2916 mora
917 2850 1069 2917 sacerdos
1091 2851 1238 2933 advenit,
1272 2859 1423 2937 carpento
1446 2853 1641 2933 devolvitur,
1675 2860 1859 2938 persecutor
1882 2855 1949 2920 ad·

309 2957 421 3022 haeret
443 2956 546 3020 sancti
567 2955 716 3039 genibus,
742 2956 826 3038 rigat
844 2953 946 3038 pedes
963 2955 1112 3035 lacrimis,
1140 2962 1306 3039 peccatum
1322 2956 1450 3035 fatetur,
1477 2957 1557 3039 petit
1572 2957 1737 3022 auxilium.
1791 2957 1850 3039 (37)
1880 2958 1949 3024 Vix

310 3061 408 3125 verba
431 3060 648 3142 compleverat
671 3065 703 3122 et
725 3058 879 3122 animalia
901 3077 983 3141 quae
1006 3065 1041 3123 ut
1062 3057 1162 3124 durae
1186 3065 1297 3123 cautes
1320 3059 1484 3142 riguerant
1506 3060 1641 3126 caelitus
1664 3067 1793 3145 recepta
1815 3062 1949 3127 mobili·
1972 3079 2008 3122 2⁵

309 3170 374 3228 tate
398 3162 580 3247 praeceptis
603 3160 774 3240 obediunt,
809 3160 948 3243 dumque
973 3161 1093 3226 sanctis
1115 3160 1312 3227 orationihus
1334 3170 1450 3227 natura
1472 3183 1556 3228 nunc
1578 3170 1734 3242 mutatur,
1761 3183 1846 3229 nunc
1868 3165 1949 3230 red·

310 3266 407 3346 ditur,
434 3285 525 3330 mens
548 3264 617 3330 fera
639 3265 727 3348 prius
750 3271 783 3328 ot
805 3263 968 3329 dominum
992 3271 1027 3329 ut
1050 3264 1090 3330 de
1114 3265 1203 3330 duris
1227 3265 1373 3330 cautibus
1395 3273 1465 3330 orta
1486 3286 1550 3331 non
1573 3267 1716 3331 sentiens
1739 3266 1844 3332 subito
1866 3266 1948 3333 fidei

310 3369 385 3453 igne
409 3368 622 3434 succenditur.
663 3366 742 3432 Ilico
765 3367 910 3432 maculas
933 3374 1135 3452 peccatorum
1159 3367 1246 3432 unda
1270 3368 1365 3433 diluit
1386 3368 1538 3434 salutaris
1561 3376 1593 3434 et
1607 3369 1842 3436 incredulitatis
1857 3372 1948 3436 nube

311 3473 439 3538 detersa
470 3471 591 3536 clarum
620 3470 741 3556 pectori
771 3471 879 3535 lumen
901 3470 1089 3535 infunditur.
1143 3472 1202 3553 (38)
1231 3471 1358 3536 Interea
1380 3491 1463 3536 unus
1486 3492 1504 3536 e
1527 3472 1658 3537 famulis
1680 3491 1774 3538 cursu
1798 3474 1948 3558 praepeti

310 3576 346 3641 iit
375 3575 524 3641 dominae
552 3573 651 3640 tristis
673 3574 819 3654 nuntius,
854 3594 936 3657 quae
959 3573 1127 3658 repentino
1150 3574 1237 3638 luctu
1260 3574 1409 3659 perculsa
1431 3575 1563 3640 monilia
1587 3574 1716 3659 proicit,
1750 3575 1946 3641 vestimenta
1970 3597 2005 3639 ao

312 3678 498 3765 disrumpit,
534 3678 651 3744 scindit
680 3678 784 3744 crines
808 3697 972 3760 genasque
996 3677 1168 3759 dilacerat,
1202 3677 1316 3760 irrigat
1337 3675 1466 3742 fletibus
1490 3678 1612 3742 vultum
1637 3699 1675 3744 ac
1697 3684 1791 3743 tunso
1813 3686 1946 3762 pectore

312 3782 453 3869 suspiria
475 3802 573 3866 aegra
596 3781 760 3867 perfundit
783 3788 815 3846 et
837 3800 920 3845 nunc
945 3779 1140 3846 confractum
1165 3780 1362 3862 mixtumque
1385 3780 1510 3865 pulveri
1535 3781 1696 3846 dominum
1721 3800 1831 3863 suum,
1857 3802 1947 3848 nune

312 3886 465 3952 amissum
488 3885 581 3968 quasi
605 3884 773 3967 coniugem
796 3881 904 3949 deflet.
956 3884 1016 3967 (30)
1044 3883 1205 3949 Turbatur
1227 3883 1357 3966 domus,
1391 3884 1566 3966 iunguntur
1588 3885 1771 3968 planctibus
1794 3884 1946 3952 dominae

312 3990 463 4055 lacrimae
487 3988 690 4067 famularum,
718 3987 760 4052 ad
783 3987 893 4052 urbem
917 4006 990 4051 mox
1013 3993 1164 4070 properat
1187 3992 1219 4051 et
1241 3987 1370 4052 turbata
1393 3987 1568 4080 collisaque
1590 4007 1706 4071 gerens
1728 4007 1784 4053 ora
1804 3987 1945 4054 femineo
2002 3979 2004 3983 ’

313 4094 407 4158 simul
439 4093 544 4157 furore
573 4092 623 4156 vel
654 4091 785 4175 planctu
815 4089 1001 4172 aggreditur
1023 4089 1233 4154 sacerdotem.
1281 4090 1372 4167 Quae
1396 4097 1431 4155 ut
1453 4089 1657 4157 serenitatem
1680 4091 1810 4157 verendi
1834 4092 1945 4159 vultus
1969 4113 2005 4155 11

312 4197 467 4280 inspexit,
504 4195 607 4260 subito
636 4213 756 4278 pavore
785 4193 984 4258 contremuit.
1037 4194 1097 4276 (10)
1125 4193 1270 4258 Glorioso
1293 4193 1402 4275 itaque
1425 4193 1532 4258 statim
1556 4193 1631 4260 fidei
1655 4195 1762 4260 calore
1785 4214 1946 4261 succensa

312 4299 450 4382 genibus
479 4297 677 4383 provolvitur
706 4295 881 4360 sacerdotis
912 4303 945 4361 et
973 4295 1143 4361 daemonia
1169 4315 1252 4379 quae
1275 4296 1416 4363 dementi
1438 4295 1527 4380 prius
1551 4297 1775 4381 superstitione
1799 4298 1946 4364 coluerat

312 4401 469 4468 laudabili
500 4400 702 4466 execratione
733 4399 933 4464 condemnat.
981 4399 1056 4483 Ipse
1079 4418 1154 4465 vero
1176 4398 1250 4465 ilico
1274 4419 1345 4464 eam
1369 4399 1442 4464 labe
1465 4400 1630 4484 culparum
1654 4400 1832 4466 emundans
1856 4401 1944 4467 vitae

401 4661 555 4709 ldurantur
573 4661 596 4707 Β
701 4655 738 4725 et]
756 4661 856 4706 tuuoB
976 4659 1095 4708 2tautae
1114 4660 1233 4707 nouitatis
1251 4659 1378 4708 miraculis
1396 4659 1419 4705 Β
1534 4659 1722 4724 lprompiah
1825 4661 1865 4709 his
1885 4662 1909 4709 Β

313 4761 419 4809 moxque
438 4749 481 4809 qui
500 4747 592 4808 direpti
611 4748 672 4794 focis
694 4746 761 4806 (foris
780 4746 809 4804 L)
831 4747 973 4794 intemerati
995 4748 1064 4808 {pace
1082 4750 1201 4793 temerata
1220 4745 1249 4807 L)
1272 4745 1293 4791 Β
1408 4744 1422 4792 5
1441 4746 1579 4794 duruerant
1598 4745 1619 4793 L
1723 4746 1814 4794 redditi
1833 4746 1863 4805 Β,
1885 4749 1945 4796 red·

313 4832 824 4895 1111111111,11111111111111111111,
929 4827 1002 4896 iao]
1021 4830 1137 4892 quiesi!
1241 4827 1367 4896 lisignis]
1384 4831 1442 4892 plus
1460 4830 1553 4879 adds
1658 4829 1805 4899 iluanque]
1823 4834 1909 4882 om.B

314 4916 446 4987 lnnltiori]
465 4919 582 4968 altiorlli
678 4918 771 4966 baseB
869 4917 899 4966 10
918 4917 1000 4965 diuini
1013 4919 1105 4965 amoris
1118 4919 1170 4964 zelo
1183 4917 1357 4964 suecensusli
1452 4912 1538 4982 atque]
1558 4917 1619 4964 etB
1717 4917 1745 4966 ll
1767 4914 1805 4984 ac]
1823 4919 1910 4968 om.L

312 5002 470 5074 limphatico]
489 5006 637 5054 bellatorum
656 5003 714 5052 add.
730 5004 752 5051 L
856 5016 977 5052 succensa
995 5005 1082 5051 christi
1101 5003 1216 5051 bellatori
1235 5004 1345 5051 minatur
1362 5001 1403 5051 SL
1527 5001 1557 5051 12
1577 5005 1669 5051 metult
1687 5003 1709 5049 Β
1832 5003 1862 5053 ll
1881 5003 1945 5074 iam]

313 5109 362 5143 om.
378 5093 400 5141 L
516 5087 667 5158 caloauerat]
688 5096 814 5139 meruerat
832 5089 873 5137 SL
989 5091 1066 5138 misso
1085 5103 1136 5137 rem
1154 5085 1257 5154 nuntio]
1275 5091 1368 5150 scripsi,
1390 5091 1465 5137 misso
1483 5090 1510 5136 iu
1530 5103 1581 5136 rern
1600 5090 1690 5137 nuntio
1708 5090 1740 5149 Β,
1761 5092 1835 5138 misso
1855 5091 1881 5137 in
1900 5107 1944 5140 ru-

313 5187 397 5229 teuem
416 5181 504 5228 nuntio
523 5181 549 5241 S,
580 5180 649 5226 misit
668 5176 832 5225 nunciumL
982 5175 1013 5224 15
1031 5172 1123 5243 defert]
1141 5176 1172 5234 Β,
1203 5175 1278 5222 refert
1296 5176 1323 5234 S,
1352 5175 1470 5223 honorato
1488 5175 1631 5223 uomineL
1770 5173 1823 5242 illo]
1842 5178 1867 5224 in
1887 5177 1910 5224 Β

312 5269 434 5317 natalium
455 5262 596 5331 splendore]
615 5263 701 5312 om.B
804 5262 926 5311 honorum
944 5261 965 5308 11
1085 5261 1115 5311 16
1134 5256 1186 5328 hle]
1204 5263 1226 5309 ia
1243 5261 1267 5307 Β
1370 5275 1498 5310 seruorum
1518 5262 1540 5307 B
1645 5263 1730 5309 urbem
1749 5263 1863 5323 protinus
1882 5262 1944 5311 sede

313 5355 430 5403 irruectus
448 5354 529 5400 curuli
549 5351 570 5399 L
726 5349 755 5397 11
774 5351 824 5396 iter
842 5348 895 5396 dire
915 5350 1024 5397 iremeus
1044 5349 1098 5396 dira
1118 5349 1138 5396 L
1291 5347 1321 5398 18
1339 5349 1499 5396 beatissimus
1519 5348 1541 5393 Β
1695 5346 1725 5396 10
1745 5347 1869 5397 effuderat
1887 5347 1910 5395 B

313 5436 425 5506 biiuges]
443 5437 503 5499 ΒΜ,
524 5437 556 5497 cs.
578 5439 646 5497 Vere.
663 5438 726 5484 Aea.
743 5436 847 5498 1’,537,
868 5435 939 5494 bigae
958 5435 1065 5482 hominis
1084 5436 1153 5482 illlus
1171 5434 1329 5482 animaliaL
1434 5432 1466 5481 20
1485 5430 1647 5501 simulachra]
1667 5436 1774 5494 signal
1880 5434 1945 5481 nihil

314 5522 392 5586 agrint
409 5526 431 5572 Β
552 5519 663 5589 stimuli]
681 5523 768 5570 famuli
788 5520 816 5567 Μ
954 5519 984 5568 21
1006 5517 1102 5587 autem]
1121 5534 1168 5570 om.
1184 5521 1206 5568 Β
1332 5522 1444 5568 nouitate
1463 5520 1576 5567 miraculi
1595 5520 1618 5566 Β
1756 5518 1788 5567 22
1808 5522 1905 5580 rogauit
1923 5522 1945 5569 L

313 5609 345 5660 23
364 5617 510 5673 carpentum
528 5610 550 5657 L
678 5607 710 5657 21
730 5609 822 5656 sanetis
841 5608 863 5653 Β
984 5603 1121 5672 auxilium]
1139 5613 1165 5655 et
1183 5606 1280 5655 cridla
1402 5605 1434 5655 25
1454 5612 1635 5668 compresserat
1655 5605 1683 5653 M
1803 5603 1840 5673 et]
1859 5621 1908 5654 om.
1923 5608 1945 5655 L

313 5697 346 5746 26
365 5698 475 5759 dumque
492 5723 526 5733 —
544 5711 569 5756 p.
590 5694 631 5757 59,
654 5697 672 5743 l.
694 5694 725 5744 21
745 5689 835 5759 sensit]
853 5695 938 5742 om.B
1043 5693 1074 5741 31
1095 5690 1219 5760 dementi]
1238 5691 1271 5755 nl,
1294 5693 1392 5742 decenti
1412 5693 1433 5740 L
