4374 6186
865 427 1068 485 cnssmdvll
1087 428 1159 485 LIB.
1178 427 1228 484 v1.

487 636 519 678 aa
573 623 794 700 secretumque
815 617 911 702 petit,
939 638 1003 684 neu
1025 617 1145 685 dabilis
1167 638 1247 684 aura
1268 617 1426 701 flagellet,

658 741 720 804 quo
742 740 892 788 recreans
914 721 1056 788 animum
1080 728 1144 789 etat
1166 722 1268 804 viror,
1295 721 1386 787 halat
1407 721 1494 787 odor.

572 830 624 890 ast
646 844 706 908 ego
728 824 907 909 posthabeo
930 825 1047 892 affeetu
1069 846 1144 892 mea
1165 825 1252 892 seria
1273 832 1397 891 vestro:

657 947 733 993 eura
755 927 802 993 tui
824 927 956 1010 faeiem,
983 950 1059 994 nam
1083 949 1156 995 mea
1177 935 1272 1012 terga
1292 935 1390 994 tenet.

571 1037 645 1115 post
666 1030 815 1096 sudorem
837 1031 936 1096 habui
960 1032 1054 1098 modo
1076 1052 1151 1097 uam
1175 1031 1252 1097 dare
1275 1031 1419 1097 membra
1440 1031 1555 1115 quieti:

488 1154 518 1193 ao
659 1132 771 1199 ordine
792 1135 967 1219 postposito
989 1140 1135 1219 tempora
1156 1134 1276 1219 rumpit
1297 1154 1397 1199 amor.

572 1235 654 1302 dueo
675 1257 789 1321 parum
811 1237 991 1322 propriam,
1018 1236 1077 1303 tibi
1099 1237 1175 1303 dum
1199 1237 1270 1303 volo
1292 1237 1376 1302 ferre
1399 1237 1556 1316 salutem,

659 1339 718 1405 sed
740 1359 813 1405 mea
834 1339 1009 1424 prospicio,
1037 1359 1110 1406 oum
1132 1346 1189 1405 tua
1210 1345 1285 1405 vota
1307 1340 1386 1406 oolo.

572 1460 656 1507 nuno
678 1461 758 1525 oape
781 1462 900 1526 parva,
927 1448 999 1508 oate
1021 1449 1055 1508 et
1075 1443 1202 1526 pollens
1224 1442 1373 1509 duilanoe
1395 1441 1551 1527 Dynami‚

658 1545 745 1611 elare
768 1546 884 1611 deeore
906 1551 977 1625 tuo,
1005 1564 1079 1611 oare
1101 1545 1212 1612 lavore
1234 1565 1322 1625 meo,

489 1668 519 1707 a
574 1648 719 1734 partibus
742 1648 858 1716 ltaliae
880 1649 1014 1715 adveoto
1037 1648 1116 1713 mihi
1139 1649 1270 1715 Rhenus
1293 1655 1326 1714 et
1348 1648 1457 1714 Hister

659 1772 755 1834 quem
777 1752 923 1844 oeoinere
945 1752 1033 1838 prius
1055 1772 1151 1835 quam
1171 1751 1268 1839 daret
1287 1751 1358 1836 ipse
1380 1751 1485 1830 loeus,

574 1853 732 1937 insignem
755 1854 880 1940 speeie,
908 1855 1031 1922 eelsum
1053 1855 1137 1936 lare,
1166 1855 1239 1938 lege
1262 1873 1428 1938 sagacem,

659 1958 807 2023 omnibus
830 1959 997 2041 aequalem
1020 1976 1078 2044 spe
1101 1958 1169 2023 sale
1191 1977 1272 2043 paee
1294 1956 1368 2022 fide.

572 2059 686 2126 ineidit
707 2060 793 2127 unde
816 2059 910 2142 mihi,
938 2060 1060 2141 fateor,
1086 2066 1118 2126 te
1141 2066 1225 2126 sorte
1247 2059 1376 2131 videndi

658 2163 765 2229 Arctoi
788 2162 898 2246 gelida
919 2163 977 2229 sub
1000 2163 1131 2247 regione
1154 2163 1255 2244 oalor,

573 2266 711 2350 plusque
733 2264 838 2331 libens
861 2266 968 2331 vultus
990 2266 1129 2332 efferveo
1152 2272 1237 2333 totus
1258 2265 1293 2331 in
1314 2265 1403 2347 illos,

658 2368 701 2434 ad
723 2368 847 2454 patriae
869 2368 991 2434 reditus
1014 2389 1111 2453 quam
1134 2369 1305 2455 peregrina
1327 2368 1456 2447 cohors,

573 2471 694 2538 visibus
717 2478 813 2556 atque
834 2470 898 2538 tuis
919 2470 1017 2538 issem
1040 2472 1199 2556 velocius,
1224 2491 1263 2539 ao
1285 2471 1312 2536 si

659 2574 702 2640 ad
724 2574 825 2660 patris
847 2575 1016 2661 amplexus
1038 2575 1079 2642 de
1101 2575 1277 2642 Telamone
1300 2580 1402 2640 satus.

575 2676 629 2742 vix
651 2697 776 2760 quoque
798 2684 865 2745 tam
888 2678 1025 2765 cupidus
1047 2678 1135 2745 vario
1158 2676 1338 2743 sinuamine
1360 2676 1465 2742 suloat

661 2779 797 2847 rusticus
819 2789 888 2849 arte
911 2782 1031 2864 solum,
1058 2780 1170 2848 navita
1191 2780 1335 2867 aplustre
1358 2780 1484 2846 fretum.

574 2904 616 2949 ex
636 2882 710 2966 illo,
737 2885 945 2968 celebrande,
973 2885 1074 2952 eliens
1097 2891 1162 2952 etat
1183 2904 1259 2971 pars
1280 2904 1354 2950 mea
1375 2890 1497 2961 teoum,

660 2993 692 3052 et
713 2987 806 3054 venis
829 2989 893 3055 hue
913 2988 1041 3055 animae
1064 3008 1139 3073 pars
1161 2977 1303 3054 mediata
1325 3006 1434 3068 meae,

574 3095 671 3156 antea
693 3090 788 3157 eorde
811 3089 889 3156 mihi
911 3097 1005 3157 notus
1028 3111 1122 3175 quam
1145 3090 1265 3157 lumine
1288 3088 1393 3168 deus,

661 3214 755 3277 quem
778 3200 884 3260 mente
907 3193 1090 3278 adstringo,
1116 3192 1144 3260 si
1167 3213 1271 3277 neque
1293 3200 1391 3276 tango
1414 3212 1526 3259 manu:

574 3294 709 3362 brachia
730 3295 784 3380 qui
807 3316 866 3362 neo
887 3295 963 3361 dum
986 3296 1104 3362 oiroum
1126 3302 1183 3363 tua
1205 3296 1290 3362 eolla
1313 3301 1441 3376 cateno,

661 3400 746 3481 quod
769 3398 863 3483 digiti
884 3406 1065 3483 nequeunt,
1091 3399 1205 3484 alligat
1225 3398 1308 3465 illud
1330 3418 1429 3464 amor.

576 3499 703 3585 longius
725 3500 802 3567 inde
824 3502 943 3568 absens
964 3503 1008 3568 ibi
1031 3501 1090 3568 sed
1110 3502 1256 3586 pertingo
1278 3500 1365 3586 quod
1386 3506 1476 3587 opto:

661 3624 732 3688 quo·
745 3604 829 3688 pede
850 3625 913 3670 non
936 3605 1046 3688 venio,
1072 3611 1200 3690 peetore
1222 3612 1308 3672 totus
1331 3626 1380 3672 eo.

491 3729 521 3767 aa
572 3726 632 3772 nos
655 3706 731 3773 lieet
751 3708 857 3774 obstet
879 3709 961 3772 Arar
983 3708 1237 3791 Rhodanusque,
1263 3716 1414 3775 natamus
1436 3726 1559 3786 amore,

661 3830 722 3877 nee
743 3816 831 3877 vetat
852 3810 900 3877 ire
922 3809 1064 3876 animum
1087 3809 1141 3895 qui
1163 3807 1253 3877 v'etat
1273 3810 1320 3877 ire
1342 3810 1489 3895 gradum.
1515 3847 1557 3857 —

575 3912 656 3998 Legi
679 3912 778 3980 etiam
801 3913 915 3979 missos
938 3913 1045 3981 alieno
1068 3914 1195 3980 nomine
1217 3933 1347 3996 versus,

660 4037 723 4101 quo
745 4015 839 4101 quasi
861 4036 918 4101 per
940 4017 1108 4103 speculum
1131 4016 1238 4083 reddit
1258 4015 1364 4100 imago
1386 4016 1500 4082 virum.

575 4118 664 4185 fonte
687 4119 855 4186 Camenali
876 4119 1035 4203 quadrato
1058 4118 1220 4204 spargeris
1242 4117 1327 4200 orbi,

491 4243 521 4283 eo
662 4222 705 4287 ad
727 4224 800 4289 looa
821 4241 905 4306 quae
926 4220 1033 4289 neseis
1055 4221 1182 4288 duoeris
1204 4219 1268 4287 oris
1290 4221 1395 4305 aquis.

311 4603 343 4654 35
363 4619 430 4654 noua
449 4604 474 4650 D
614 4602 722 4663 flagellat
742 4600 797 4650 0o¹
936 4600 969 4651 26
987 4602 1056 4651 hulst
1074 4601 1155 4671 Bne]
1173 4604 1223 4652 alst
1241 4601 1364 4650 Aculeo
1503 4601 1535 4652 27
1554 4604 1646 4653 affeetu
1665 4601 1749 4672 HDL]
1768 4607 1870 4656 adeatur

243 4691 360 4739 ACDGR
462 4695 566 4739 uestm
586 4686 620 4736 Αἱ
725 4687 758 4737 28
777 4690 794 4736 l.
809 4702 830 4737 e.
848 4688 887 4736 tul
900 4702 983 4736 euram
996 4691 1025 4737 ln
1038 4690 1100 4738 laete
1112 4703 1178 4752 gero,
1198 4691 1242 4738 sed
1259 4690 1310 4738 mel
1329 4691 1355 4738 lu
1374 4695 1443 4749 tergo
1548 4688 1577 4738 31
1599 4686 1674 4757 duoo]
1691 4692 1745 4740 dloo
1763 4692 1833 4741 codd.

242 4791 330 4839 purum
347 4790 393 4838 pro
409 4776 482 4839 putul
585 4776 683 4836 propris
699 4772 721 4819 G
738 4773 797 4823 Van.
905 4772 938 4822 33
956 4775 1007 4825 eolo
1025 4789 1084 4824 oum
1095 4790 1185 4824 rasura
1197 4791 1270 4837 asper
1282 4777 1330 4825 orl
1437 4774 1468 4824 33
1487 4780 1541 4823 onte
1553 4771 1633 4842 DLR]
1651 4783 1723 4826 osute
1736 4778 1868 4841 AOMDG,

242 4877 317 4912 mano
334 4863 393 4912 Van.
515 4863 614 4923 pollens
632 4854 762 4926 dutlsnoe]
787 4860 884 4921 pollens
901 4859 951 4909 (lue
969 4862 1041 4910 laune
1058 4861 1115 4924 Dlt,
1136 4863 1237 4923 pollens
1255 4862 1304 4910 duo
1321 4863 1392 4910 lanae
1411 4860 1465 4921 BL,
1487 4862 1583 4924 pedena
1600 4863 1657 4912 clue
1674 4864 1746 4912 lanea
1765 4863 1869 4925 Aello,

242 4955 270 4997 tu
288 4949 385 5010 pollens
403 4948 474 4997 lance
489 4948 548 4998 Vm.
571 4948 685 5009 (dutlsux
695 4959 742 5007 pro
755 4946 840 4994 bilanx
851 4948 965 5010 positum)
1073 4947 1106 4996 34
1125 4947 1188 4997 eluro
1199 4974 1235 4984 -
1246 4962 1302 4997 ears
1313 4947 1347 4995 13¹
1359 4961 1423 4996 corr.
1439 4946 1471 4994 13¹
1489 4951 1516 4996 ta
1526 4962 1606 5008 marg.
1708 4948 1740 4999 36
1758 4951 1871 4998 eieeuere

244 5032 304 5081 lDR
407 5047 482 5096 quam
500 5033 643 5097 dereolpere
661 5034 729 5082 loona
742 5031 768 5079 D
871 5031 904 5081 39
924 5033 1029 5081 sordeo
1132 5032 1165 5082 40
1184 5035 1260 5083 arotol
1274 5029 1308 5100 A]
1326 5034 1421 5083 arethol
1436 5031 1534 5096 OGBR,
1556 5034 1648 5082 uolrtol
1661 5033 1720 5096 ML,
1740 5036 1833 5083 artohol
1847 5036 1871 5082 D

242 5118 273 5168 41
298 5120 389 5168 bibens
406 5120 451 5168 BL
572 5115 654 5186 totus]
671 5119 761 5168 uultus
781 5119 888 5181 (turam)
912 5118 932 5165 Ο
1069 5117 1102 5168 42
1121 5120 1292 5182 pereorlnsO
1427 5118 1460 5168 43
1479 5120 1568 5167 usibus
1587 5119 1612 5167 D
1733 5122 1804 5170 taslm
1824 5121 1873 5168 OM

243 5203 276 5253 44
293 5220 322 5254 ea
338 5205 448 5254 toroldus
466 5207 522 5255 belli
543 5205 647 5254 Trolonl
663 5205 800 5267 camaplum
819 5206 904 5253 inseite
921 5205 993 5265 clepit
1097 5205 1130 5255 46
1149 5207 1235 5254 usults
1253 5207 1364 5268 aplustre
1376 5200 1433 5270 Bt]
1452 5207 1539 5254 multa
1557 5207 1652 5268 plustre
1672 5203 1784 5254 0Μῦθῖ
1800 5207 1870 5267 Vesu,

243 5292 437 5353 usultapluster
449 5291 481 5351 u,
501 5291 701 5354 nautapsluetre
717 5289 758 5352 0¹,
780 5296 857 5338 nauta
870 5291 993 5353 perlustra
1009 5290 1127 5360 (plustre)
1142 5293 1164 5338 A
1269 5291 1302 5340 47
1322 5291 1469 5340 celebrando
1483 5290 1507 5337 D
1610 5288 1702 5358 eliens]
1719 5292 1780 5352 sort.
1796 5294 1838 5342 dle

203 5434 207 5439 1
243 5377 322 5437 per
425 5376 458 5426 48
477 5379 588 5428 etueuts
600 5373 662 5444 huc]
679 5378 738 5438 sort.
753 5390 830 5439 eaque
842 5377 909 5426 latua
923 5376 950 5439 (l.
965 5392 987 5425 a.
1000 5376 1067 5438 latta)
1173 5376 1294 5425 medleata
1306 5377 1329 5423 A
1434 5376 1467 5426 50
1485 5379 1606 5438 asstrlngo
1627 5377 1648 5424 Θ
1752 5374 1870 5444 51]ιηί

245 5462 315 5522 (aaa.
336 5463 374 5526 se)
393 5463 424 5526 B,
445 5478 495 5513 oss
513 5465 535 5513 at
555 5466 626 5526 (asoa
647 5463 690 5524 ε..)
713 5463 735 5510 Β
874 5462 903 5512 51
925 5458 981 5530 qut]
998 5461 1060 5524 sort.
1081 5464 1103 5511 sl
1233 5468 1321 5512 caueto
1341 5462 1362 5511 O
1500 5460 1532 5511 53
1550 5463 1580 5511 de
1598 5462 1621 5510 P
1636 5463 1691 5512 alde
1709 5463 1742 5512 ad
1759 5479 1784 5514 o.
1805 5466 1839 5513 93

242 5549 345 5598 amaena
365 5547 386 5596 0
505 5555 543 5599 set
562 5549 584 5597 P
704 5551 761 5598 obto
781 5547 804 5595 P
923 5548 956 5597 54
974 5549 1040 5612 qnod
1059 5547 1140 5596 11¹0ss
1269 5548 1301 5597 57
1321 5545 1414 5615 sileno]
1432 5562 1505 5597 uerso
1523 5550 1573 5597 lum
1592 5548 1615 5596 P
1734 5563 1821 5598 uersos
1842 5548 1872 5598 0¹

241 5632 274 5682 58
293 5630 388 5700 ulrum]
407 5648 508 5685 narrum
526 5635 551 5681 D
673 5634 705 5683 59
723 5636 875 5683 meumeusll
894 5635 919 5681 D
1033 5635 1152 5697 quadrato
1170 5631 1305 5701 spargeris]
1323 5636 1461 5698 quadratus
1479 5637 1587 5698 purgeris
1607 5635 1659 5697 Ad,
1681 5636 1795 5698 quadrati
1814 5651 1871 5699 par-

241 5721 348 5779 gortslt
451 5721 570 5782 quadrato
588 5724 606 5771 ι’.
625 5735 646 5771 e.
667 5721 856 5784 quadrtpertlto,
876 5721 911 5781 es.
932 5721 1046 5781 V1,2,5
1150 5723 1209 5769 orbe
1229 5719 1278 5784 (M)
1297 5721 1368 5782 Vera,
1388 5723 1446 5770 orbo
1466 5719 1501 5770 0²
