4374 6186
285 382 343 441 tou
582 376 775 432 ol’u'suvnn
797 377 990 433 l'hrvnu‘u'ld
1009 376 1238 433 utlu'l'vrtn'l'u
1258 378 1361 434 hiAer
1379 376 1603 434 A'r'u'uluvu'n

279 566 457 633 substantia
478 567 590 633 matris
612 568 644 632 in
668 569 797 634 saeculo
818 574 924 634 natus.
965 571 1024 647 (33)
1052 568 1216 654 perfectus
1238 568 1332 653 deus,
1358 570 1519 655 perfectus
1541 570 1637 635 horno
1660 590 1708 636 ex
1731 570 1862 636 anima
1885 591 1944 635 ra·

279 670 424 735 tionabili
447 679 479 736 et
501 669 642 737 humana
664 691 761 737 sarire
783 672 973 738 subsistens.
1006 674 1067 751 (31)
1093 672 1242 756 aequalis
1264 673 1346 758 patri
1370 672 1543 740 secundum
1561 673 1796 753 divinitatem,
1827 673 1942 739 minor

278 782 368 858 pube
397 773 572 839 secundnm
601 771 850 842 humanitatem.
892 778 952 857 {32}
980 775 1034 857 qui
1065 776 1140 841 licet
1170 774 1251 841 deus
1280 776 1322 840 sit
1344 784 1377 842 et
1399 777 1508 842 bomo.
1544 796 1606 841 uon
1629 776 1698 842 dno
1722 785 1850 843 tamen
1876 776 1939 843 sed

278 898 360 943 unus
381 886 430 943 est
445 877 599 955 Christus,
649 880 698 957 33)
727 898 810 942 unus
832 886 938 944 autem
963 898 1025 943 uon
1048 878 1257 944 conversione
1280 879 1458 944 divinitatis
1480 879 1514 944 in
1536 898 1642 955 earne,
1669 880 1734 947 sed
1760 881 1940 966 adsump-

277 982 362 1047 tione
392 980 601 1046 humanitatis
629 981 662 1044 in
692 981 766 1046 deo.
809 984 870 1044 tun
898 1000 980 1046 unus
1002 982 1130 1046 omnino
1155 1003 1216 1046 non
1240 981 1424 1048 confusione
1447 984 1666 1064 substantiae,
1703 984 1769 1049 sed
1798 985 1971 1051 unitates

277 1104 442 1169 personae.
495 1086 555 1167 (33.
585 1085 669 1149 Nam
693 1085 776 1150 sieut
797 1085 907 1150 anima
929 1086 1128 1150 rationabilis
1151 1094 1184 1151 et
1205 1106 1279 1151 carc
1302 1105 1383 1151 unus
1406 1093 1456 1152 est
1476 1086 1577 1150 homo.
1605 1086 1651 1151 ito
1666 1086 1756 1153 deus
1775 1094 1815 1153 et
1832 1088 1938 1154 bomo

277 1207 358 1252 unus
381 1196 431 1254 est
453 1187 611 1254 Christus.
664 1192 714 1269 (36
751 1188 813 1266 Qui
837 1208 953 1272 passus
976 1195 1025 1253 est
1048 1210 1104 1273 pru
1127 1189 1233 1255 salute
1256 1197 1381 1265 nostra,
1411 1190 1573 1255 discendit
1594 1189 1637 1255 ad
1659 1190 1817 1269 interos,
1857 1212 1937 1258 sur-

276 1292 359 1358 rexit
381 1313 401 1356 a
423 1292 573 1369 mortuis,
616 1292 676 1375 (37)
704 1291 850 1357 ascendit
871 1292 914 1357 ad
937 1292 1060 1371 caelos,
1095 1292 1178 1358 sedit
1200 1292 1242 1357 ad
1264 1293 1429 1359 dexteram
1453 1294 1554 1378 patris
1577 1293 1652 1359 iude
1676 1302 1853 1360 venturus
1878 1296 1935 1361 iu-

277 1395 384 1460 dicare
413 1395 505 1459 vivos
534 1414 573 1460 ac
603 1403 751 1460 mortuos.
803 1398 865 1478 (38)
892 1395 942 1459 Ad
974 1395 1064 1459 euius
1087 1395 1261 1462 adventum
1285 1416 1395 1462 omnes
1419 1396 1563 1461 homines
1584 1416 1764 1481 resurgere
1798 1398 1937 1465 babent

275 1499 309 1563 in
331 1499 517 1582 corporibus
540 1499 607 1563 suis
635 1508 667 1564 et
690 1498 845 1564 reddituri
868 1506 942 1564 sunt
964 1499 1005 1563 dc
1030 1498 1124 1565 factis
1147 1499 1283 1585 propriis
1305 1500 1459 1565 rationem
1497 1502 1558 1583 33)
1585 1501 1696 1583 etqui
1721 1502 1820 1566 bona
1846 1523 1935 1587 ege-
1959 1526 1988 1564 ro

277 1612 349 1668 runt
370 1603 461 1667 ibunt
483 1602 515 1666 in
539 1602 636 1667 vitum
660 1611 835 1681 semmam,
862 1602 916 1684 qni
941 1602 1081 1667 malain
1104 1603 1211 1685 ignem
1234 1610 1410 1669 aeternum.
1463 1606 1524 1685 (tut
1552 1604 1639 1668 Haec
1663 1612 1717 1669 est
1740 1604 1838 1671 tides
1872 1628 1936 1673 ea-

275 1705 403 1771 tlrolicu.
430 1727 527 1788 quiam
550 1707 612 1771 nisi
634 1708 771 1789 utrisque
793 1706 930 1772 fideliter
952 1705 1147 1790 firmiterque
1170 1707 1350 1785 crediderit,
1379 1707 1489 1771 salvus
1511 1726 1584 1771 esse
1605 1726 1667 1770 nou
1684 1709 1830 1791 poterit.

489 2510 776 2608 expostulo
809 2510 957 2608 urum
990 2509 1330 2607 diluculunt
1362 2509 1682 2608 leudunum.

363 2746 402 2826 (1)
430 2748 635 2823 tlvrovncvu
659 2761 748 2807 vvrm
769 2760 849 2807 usse
872 2759 1016 2806 snvrvvs.
1047 2760 1137 2806 nuru
1159 2760 1268 2805 ournm
1291 2758 1376 2805 orvs
1400 2759 1478 2819 nur,
1506 2760 1548 2805 vr
1571 2761 1705 2807 rsusu'r
1731 2764 1927 2815 carnoru-

273 2867 340 2913 cun
367 2866 481 2929 murm,
510 2866 604 2926 orsu
627 2864 694 2911 nrsr
719 2864 865 2923 cursuve
888 2862 1063 2909 ru'ruuusn
1089 2862 1370 2921 ruvroun'rmruvu
1395 2862 1616 2910 ssruvuvnurr.
1645 2864 1782 2924 nsscvs
1801 2868 1927 2918 mvuro
1952 2874 1983 2913 ιε,

189 3006 193 3013 .
273 2971 309 3016 vu
334 2969 517 3016 nurusuvnr
541 2968 686 3013 rmururr.
734 2949 840 3013 Primo
863 2969 940 3031 ergo
962 2947 1101 3012 omnium
1124 2945 1205 3012 tides
1228 2948 1411 3013 necessaria
1434 2956 1498 3028 est,
1535 2948 1616 3014 sicut
1638 2950 1830 3033 apostoliea
1857 2957 1925 3021 du-

273 3062 324 3120 cet
352 3054 525 3120 auctoritas
555 3053 683 3118 (licensz
717 3056 790 3114 Siue
808 3053 868 3133 fide
891 3052 1065 3133 irrpossu'br'lt?
1087 3061 1131 3114 etl
1151 3052 1272 3133 plurmum
1294 3053 1359 3113 ricc.
1407 3052 1541 3117 Constat
1562 3051 1647 3116 enim
1669 3052 1848 3120 neminem
1874 3061 1922 3126 ad

273 3177 381 3223 veram
411 3156 578 3242 pervenire
607 3174 701 3239 posse
731 3153 962 3220 beatitudinem
993 3153 1054 3217 nisi
1083 3153 1144 3218 deu
1176 3153 1305 3236 placeat
1327 3162 1359 3218 et
1381 3150 1441 3218 deo
1465 3155 1624 3220 nominem
1647 3155 1780 3239 placere
1806 3180 1921 3243 posse

273 3260 333 3325 nisi
357 3281 414 3344 per
437 3260 543 3324 videm.
595 3261 635 3343 (2)
662 3259 768 3323 unns
792 3277 930 3341 namque
953 3263 1003 3322 est
1024 3258 1179 3322 bonorum
1202 3258 1341 3322 omniurn
1358 3257 1611 3323 fundamentum.
1639 3257 1720 3323 tides
1737 3258 1920 3332 humanae

272 3364 386 3429 salutis
407 3363 544 3428 initium.
586 3362 662 3427 Sine
684 3362 745 3426 hec
768 3381 860 3426 nemo
883 3360 926 3425 ad
949 3359 1085 3425 tiliorum
1108 3360 1161 3425 dei
1187 3367 1290 3444 potest
1313 3361 1504 3425 consortium
1526 3362 1703 3445 pervenire,
1732 3364 1814 3445 quia
1836 3368 1917 3435 sine
1940 3388 1975 3428 ro

271 3469 342 3553 ipsa
372 3486 432 3533 nec
457 3467 489 3531 in
512 3467 572 3531 boc
594 3466 725 3531 saeculo
747 3465 916 3548 quisquam
939 3463 1172 3529 iustificationis
1195 3463 1399 3546 consequitur
1420 3463 1557 3546 gratiam
1580 3484 1640 3530 nec
1663 3464 1694 3529 in
1719 3463 1832 3533 futuro
1860 3472 1915 3536 vi-

270 3579 336 3638 tam
358 3570 536 3657 possidebit
557 3577 732 3635 aeternam.
773 3569 812 3633 Et
835 3568 862 3632 si
885 3567 957 3649 quis
981 3567 1032 3631 bic
1054 3586 1116 3632 non
1139 3566 1352 3632 ambulaverit
1374 3587 1431 3651 per
1452 3567 1559 3632 fidem.
1586 3588 1650 3632 non
1672 3571 1849 3653 perveniet
1863 3575 1913 3640 ad

271 3676 411 3761 speciem
433 3676 561 3741 beatam
585 3673 703 3738 domini
726 3674 799 3738 lesu
825 3671 955 3737 Christi.
1007 3672 1047 3753 (3)
1075 3671 1274 3737 Onmrumun
1296 3670 1489 3735 universalis
1512 3670 1645 3750 dicitur,
1680 3670 1714 3735 id
1735 3679 1787 3738 est
1811 3685 1912 3743 recta

270 3800 366 3863 quam
395 3779 546 3845 universa
575 3776 714 3843 eeclesia
744 3783 852 3841 tenere
881 3774 986 3840 debet.
1034 3774 1181 3839 Ecclesia
1212 3772 1332 3858 quippe
1362 3774 1569 3857 congregatio
1599 3774 1717 3840 dicitur
1745 3776 1910 3845 christia-

269 3904 380 3949 norum
410 3883 478 3948 sive
507 3889 681 3947 conventus
709 3880 909 3965 populorum.
955 3878 1027 3943 Non
1058 3878 1144 3942 enim
1174 3876 1257 3943 sicut
1278 3878 1502 3943 conventicula
1524 3877 1756 3943 haereticorum
1779 3879 1814 3944 in
1840 3884 1909 3948 ali·
1932 3904 1967 3945 ar.

269 3986 387 4071 quihus
410 3986 574 4069 regionum
598 3984 744 4069 partibus
768 3988 935 4063 coematur,
963 3981 1021 4047 sed
1043 4001 1101 4066 per
1122 3988 1221 4046 totum
1241 3988 1395 4046 terrarum
1411 3982 1519 4046 orbem
1536 3982 1674 4047 dilatata
1689 3981 1903 4051 diffunditur.

274 4093 313 4173 (t)
337 4090 386 4154 Vr
408 4107 506 4153 vuum
529 4106 622 4153 uuvu
647 4106 682 4151 ru
705 4104 889 4151 ruminum:
915 4104 956 4148 uu
980 4103 1190 4149 rururrurmr
1215 4103 1250 4149 m
1273 4102 1421 4148 vururrr.
1445 4102 1658 4150 usuummvu
1679 4093 1711 4151 et
1726 4085 1905 4156 credamus

269 4199 302 4258 et
331 4192 473 4256 colamus
503 4201 535 4257 ct
564 4191 770 4257 confiteamur
800 4190 972 4255 trinitatem
1003 4188 1035 4252 in
1062 4188 1223 4272 personis,
1257 4188 1411 4253 unitatem
1434 4188 1466 4251 in
1490 4189 1682 4254 substantia.
1732 4190 1773 4271 (5)
1802 4189 1905 4258 Hanc

269 4314 394 4377 quoque
422 4294 595 4360 trinitatem
625 4313 832 4379 personarum
859 4300 954 4374 atque
978 4291 1132 4357 unitatem
1156 4301 1289 4356 naturae
1313 4291 1470 4375 propheta
1492 4290 1609 4356 Esaias
1631 4291 1808 4357 revelatam
1834 4294 1903 4362 sihi

268 4417 332 4462 nou
355 4397 464 4470 tacuit,
491 4417 561 4462 eum
578 4416 613 4462 se
629 4397 707 4462 dicit
721 4396 890 4481 Seraphim
913 4394 1033 4461 vidisse
1049 4395 1239 4460 clamantia:
1266 4400 1408 4472 Sanctus,
1435 4405 1571 4471 astructor,
1597 4406 1730 4475 suiectus,
1751 4397 1903 4464 doctrinas
1926 4422 1961 4461 :ro

269 4504 343 4565 dous
367 4501 508 4564 Solmoth
556 4500 617 4565 Vbi
641 4520 769 4585 prorsus
791 4500 825 4564 in
848 4519 886 4564 eo
908 4499 993 4581 quod
1016 4499 1131 4564 dicitur
1152 4497 1246 4563 tertio
1270 4507 1395 4561 nuru-tus
1418 4517 1625 4581 personarum
1648 4498 1833 4575 trinitatem,
1865 4502 1903 4568 in

269 4626 307 4671 cu
336 4625 412 4670 vero
441 4604 525 4687 quod
555 4604 655 4670 semel
679 4603 794 4669 (licitur
816 4605 955 4666 ‹lorur'uus
978 4604 1053 4665 dcrrs
1077 4604 1207 4665 Solurotlr
1231 4601 1361 4666 divinae
1384 4609 1517 4666 naturae
1542 4602 1762 4684 cognoscimus
1785 4603 1902 4671 unita-

357 4797 386 4846 ιτ
407 4797 464 4846 sur.
489 4798 527 4856 rr,
549 4798 573 4846 u.
682 4798 714 4845 :ur
734 4799 768 4845 rs.
790 4798 813 4857 u,
837 4796 861 4845 s.

353 5094 367 5142 i
387 5095 575 5142 conuersatione
593 5091 625 5140 Α1
736 5091 750 5136 5
771 5080 934 5139 hrrrrrstrritatis
952 5090 985 5138 A*
1092 5086 1231 5152 ilnteros]
1250 5089 1324 5135 tertie
1341 5089 1383 5138 die
1398 5087 1569 5136 desiderantur
1663 5088 1827 5147 tlresurgere
1846 5089 1898 5138 ha-

267 5184 327 5229 beut
343 5183 369 5229 iu
388 5181 530 5242 corporibus
549 5182 602 5227 suis
621 5176 657 5245 et]
679 5194 728 5227 om.
752 5178 830 5239 urus,
856 5177 897 5225 scd
915 5182 1010 5227 erutuet
1030 5180 1055 5224 in
1074 5175 1196 5223 codiccA
1352 5173 1380 5222 12
1399 5171 1502 5240 poterit]
1526 5178 1553 5222 in
1570 5174 1655 5222 eadem
1673 5176 1807 5233 scripturae
1825 5174 1898 5225 lineo

266 5270 324 5317 lvuee
347 5272 500 5330 sequautur:
525 5268 587 5315 luctu
610 5271 687 5314 mater
711 5280 769 5313 eum
793 5266 836 5326 qui
861 5266 921 5312 iecit
945 5270 982 5323 te,
1009 5265 1067 5325 quia
1090 5262 1164 5311 talem
1186 5263 1305 5321 fecitte,
1332 5267 1360 5308 ut
1383 5264 1437 5322 ipse
1461 5264 1530 5309 tieret
1554 5262 1579 5308 iu
1603 5268 1637 5309 te.
1675 5262 1738 5310 lactu
1761 5273 1820 5307 eum
1846 5265 1896 5323 qut

267 5357 375 5403 fructum
393 5354 570 5402 hrecunditatis
589 5353 635 5401 tlbi
654 5353 724 5400 dedit
741 5359 875 5413 conceptus
893 5356 919 5398 et
936 5350 1013 5398 decus
1031 5350 1185 5410 uirginitatis
1204 5362 1251 5396 uou
1270 5347 1375 5395 abstulit
1392 5355 1465 5395 natus
1484 5350 1504 5393 ,t

354 5441 383 5490 tu
404 5455 466 5487 rrsu
480 5453 618 5487 nxrosrrro
630 5466 664 5473 -
676 5451 824 5486 ruarvuurr
838 5439 868 5494 A,
888 5450 1026 5484 nxrosrrro
1045 5448 1127 5483 erran
1147 5448 1221 5482 rrum
1239 5446 1384 5481 cernemus
1399 5432 1432 5491 Μ,
1452 5447 1531 5494 aeque
1546 5432 1566 5479 F
1585 5435 1749 5481 Fortunatam
1766 5437 1896 5485 auctorem

265 5528 376 5577 laudarit
482 5526 512 5575 15
531 5538 604 5588 quam
623 5552 658 5560 —
676 5524 708 5574 23
728 5520 827 5589 christi]
845 5524 907 5571 tides
927 5524 1018 5571 dieitur
1035 5523 1168 5571 credulitas
1187 5522 1242 5569 siue
1261 5520 1391 5569 credentia
1408 5520 1527 5568 catholiea
1546 5519 1572 5566 M
1586 5521 1607 5565 l·
1708 5519 1740 5568 33
1759 5520 1847 5567 beatae
1868 5524 1894 5569 Α

266 5614 297 5663 ul
317 5615 423 5676 ecclesio
441 5614 534 5661 dicitur
553 5614 709 5671 congregotio
728 5610 756 5658 ul
860 5608 891 5657 35
912 5624 959 5657 uon
978 5636 1011 5644 —-
1030 5608 1063 5658 36
1082 5603 1245 5673 dithmditur]
1263 5620 1311 5653 om.
1331 5605 1390 5652 ΜΡ
1493 5604 1525 5653 38
1544 5606 1682 5653 trinitatem
1701 5632 1735 5640 —
1753 5603 1785 5653 33
1805 5609 1895 5656 uuita·

266 5698 329 5765 tonui
347 5718 396 5749 curn.
413 5700 440 5747 Μ
