4374 6186
878 410 1046 467 VENANTI
1065 411 1283 469 FORTVNATI

603 598 851 682 muneribusque
873 601 935 685 piis
958 600 1075 668 dotasti
1096 602 1213 668 altaria
1234 603 1368 685 Christi,

690 720 761 766 eum
783 709 839 767 tua
860 724 940 768 vasa
961 704 1068 770 ferunt
1088 705 1212 772 viscera
1234 713 1347 772 saneta
1368 707 1432 774 dei.

475 892 478 896 Δ
603 823 678 868 nam
701 824 793 869 eruor
814 812 846 871 et
867 826 997 892 eorpus,
1024 808 1144 874 domini
1166 809 1319 875 libamina
1341 812 1472 893 summi,

521 927 551 966 so
691 908 749 972 n'te
771 909 946 975 ministerio
967 917 1000 976 te
1021 911 1179 977 tribuente
1201 913 1298 979 venit.

605 1030 624 1074 ο
646 1009 725 1076 felix
747 1011 838 1077 euius
861 1013 942 1079 ditat
963 1014 1019 1098 pia
1041 1015 1160 1100 templa
1182 1015 1337 1098 facultas,

690 1113 742 1178 eui
764 1115 900 1181 resista
922 1117 1026 1199 magis
1048 1137 1110 1183 non
1133 1117 1273 1203 peritura
1296 1121 1421 1185 manet!

604 1235 667 1281 non
690 1237 809 1301 aerugo
831 1226 913 1284 teret
933 1220 1074 1286 mordaci
1097 1220 1193 1286 dente
1214 1222 1368 1287 talentum

691 1341 751 1386 nee
773 1329 882 1388 oontm
903 1322 984 1388 haee
1005 1323 1093 1388 fures
1115 1344 1205 1389 arma
1227 1324 1338 1390 dolosa
1360 1331 1504 1395 movent:

539 1445 551 1481 u
605 1428 637 1488 et
659 1423 736 1490 data
757 1444 809 1490 res
830 1425 928 1505 vivit,
954 1425 1032 1491 fauit
1053 1433 1086 1492 et
1107 1427 1190 1494 bene
1211 1427 1320 1493 vivere
1343 1428 1489 1495 dantem:

690 1548 760 1593 oum
784 1529 916 1594 moritur
936 1530 1047 1611 terris,
1074 1530 1200 1597 ducitur
1221 1531 1296 1597 inde
1318 1531 1412 1617 polis.

605 1631 685 1696 baeo
707 1650 872 1716 possessor
894 1632 991 1699 habet
1012 1633 1162 1717 quiequid
1185 1635 1398 1700 transmiserit
1420 1642 1513 1701 ante:

691 1735 760 1800 sola
781 1742 868 1801 tenet
890 1756 998 1801 seeum
1022 1756 1105 1819 quae
1126 1737 1215 1822 prius
1236 1738 1283 1803 ire
1306 1737 1393 1803 fauit.

605 1838 685 1903 haee
707 1839 765 1904 tibi
786 1840 908 1923 templa
930 1839 1052 1905 dabunt
1073 1847 1106 1906 et
1126 1860 1207 1906 vasa
1228 1849 1371 1923 saerata,
1398 1841 1565 1909 sacerdos.

691 1949 723 2006 et
745 1942 896 2026 quiequid
918 1943 1074 2026 reliquum
1096 1963 1156 2008 nee
1178 1963 1345 2009 numerare
1367 1964 1458 2027 queo.

605 2045 762 2111 ecelesiae
784 2047 929 2111 eolumen
952 2066 1010 2131 per
1030 2053 1174 2131 tempora
1196 2047 1293 2130 longa
1314 2048 1473 2131 gubernes

691 2157 722 2214 et
743 2148 889 2214 mercede
911 2149 966 2234 pia
988 2148 1109 2214 fruetus
1131 2149 1248 2233 ubique
1270 2151 1380 2216 mioes.
1405 2189 1446 2198 -

605 2252 709 2335 Cogor
730 2273 838 2318 amore
860 2252 957 2318 etiam
979 2251 1164 2318 Plaoidinae
1187 2273 1290 2338 panea
1312 2253 1447 2335 referre,

690 2376 773 2439 quae
795 2356 853 2421 tibi
874 2364 949 2421 tune
972 2355 1126 2438 coniunx,
1153 2363 1202 2420 est
1224 2355 1317 2421 modo
1339 2377 1414 2421 eara
1437 2376 1532 2420 soror.

540 2481 552 2518 u
605 2459 713 2524 lumen
734 2462 775 2526 ab
798 2459 933 2525 Arcadio
957 2460 1088 2525 veniens
1110 2460 1252 2543 genitore
1275 2459 1431 2542 refulget,

690 2585 751 2647 quo
774 2571 882 2630 manet
903 2570 1074 2645 augustum
1096 2582 1244 2646 germen,
1271 2561 1383 2642 Avite,
1408 2569 1513 2633 tuuur;

604 2667 730 2751 imperii
753 2668 855 2733 fastus
877 2674 941 2731 toto
963 2667 1018 2747 qui
1041 2666 1122 2730 rexit
1144 2666 1176 2729 in
1198 2666 1290 2743 orbe,

691 2771 780 2836 euius
802 2770 908 2836 adhue
929 2768 1055 2853 pollens
1078 2768 1147 2832 iura
1170 2773 1300 2832 senatus
1322 2766 1427 2831 babet.

604 2874 736 2939 humani
757 2873 885 2957 generis
908 2871 934 2935 si
958 2871 1099 2935 eulmina
1120 2870 1223 2955 prima
1244 2869 1405 2952 requiras,

690 2977 811 3042 semine
834 2977 992 3041 Caesareo
1014 2974 1059 3038 nil
1082 2992 1250 3057 superesse
1272 2979 1386 3057 potest.

604 3081 662 3146 sed
684 3101 787 3163 genus
808 3079 880 3163 ipsa
902 3097 993 3143 suurn
1015 3095 1130 3142 sensus
1152 3075 1368 3142 moderamine
1391 3075 1484 3147 vioit.

688 3182 780 3247 euius
802 3182 842 3246 ab
866 3179 991 3261 eloquio
1015 3178 1123 3244 duleia
1144 3179 1243 3244 mella
1263 3178 1382 3261 fluunt,

604 3306 678 3350 eura
700 3304 814 3350 serena
836 3283 954 3348 decens
977 3283 1090 3347 sollers
1114 3282 1168 3367 pia
1189 3283 1275 3348 mitis
1298 3283 1404 3368 opima

688 3408 769 3471 quae
794 3387 877 3452 bona
899 3392 1012 3451 eunota
1034 3385 1136 3468 gerit,
1162 3386 1313 3470 quiequid
1336 3386 1454 3452 honore
1476 3387 1597 3471 placet:

537 3515 549 3551 r.
603 3491 744 3556 moribus
766 3489 894 3573 ingenio
916 3489 1097 3554 meritorum
1120 3489 1191 3555 luoe
1214 3509 1383 3555 eorusoans

687 3594 811 3658 emovit
833 3612 943 3658 sexum
967 3612 1058 3658 mens
1081 3591 1223 3677 pretiosa
1245 3613 1349 3658 suurn.
1405 3652 1411 3669 ,

601 3697 739 3782 plurima
761 3716 818 3761 our
839 3696 994 3778 referam,
1020 3695 1147 3779 quantis
1171 3696 1212 3760 sit
1234 3697 1381 3780 praedita
1403 3697 1515 3775 rebus,

610 3854 614 3859 .
687 3820 770 3882 quae
793 3799 894 3884 potuit
916 3798 998 3863 votis
1020 3805 1121 3883 nupta
1143 3798 1272 3884 plaeere
1294 3799 1380 3865 tuis?

599 3910 718 3986 augeat
740 3903 820 3968 baeo
841 3901 931 3967 vobis
952 3902 1051 3968 sitam
1075 3902 1125 3967 oui
1148 3903 1268 3987 templo
1289 3903 1424 3968 dedistis

502 4029 546 4067 rio
686 4005 939 4089 culminibusque
962 4005 1028 4070 suis
1051 4006 1190 4070 eulmina
1214 4013 1321 4071 vestra
1343 4013 1441 4088 tegat.

338 4394 369 4441 19
388 4387 456 4457 uam}
474 4389 577 4440 rrunell
679 4389 711 4439 89
730 4387 827 4438 retem
931 4381 968 4452 te]
986 4384 1047 4434 etf‘
1148 4385 1177 4434 81
1199 4381 1284 4452 euius]
1301 4387 1381 4433 eutA
1486 4385 1517 4436 81
1536 4387 1623 4450 quldq.
1643 4388 1715 4454 (Au)
1821 4398 1885 4443 tru-

267 4482 364 4530 mlsorlt
383 4478 410 4526 Μ
523 4475 564 4526 st.
586 4474 618 4525 89
636 4490 683 4526 em.
705 4473 744 4533 0¹,
773 4472 831 4523 redd.
852 4475 879 4520 ln
896 4486 940 4520 ora
959 4473 1044 4534 infime
1065 4469 1098 4518 6²
1213 4470 1316 4532 filipert
1334 4473 1381 4521 tibi
1398 4486 1460 4522 eros.
1482 4474 1507 4521 bl
1529 4473 1548 4518 0
1649 4475 1682 4524 99
1700 4478 1786 4540 quidq.
1810 4479 1882 4541 (All)

265 4567 293 4616 91
316 4568 426 4615 eolomen
447 4562 508 4625 ΜΙ),
529 4563 644 4611 uolornem
663 4562 693 4623 (l,
713 4562 812 4609 culmen
831 4557 936 4606 111911)2
1040 4560 1180 4618 gubernens
1199 4558 1255 4618 111,
1278 4560 1417 4618 gubernans
1430 4558 1459 4620 G,
1480 4560 1638 4619 gubernent?
1676 4598 1680 4606 .
1740 4562 1773 4612 92
1792 4565 1883 4616 unless:

265 4674 278 4707 ο
296 4655 313 4703 1,
333 4668 381 4701 rm.
405 4648 436 4694 (fl
561 4665 585 4697 n.
606 4650 623 4698 1.
645 4650 723 4696 fretus
740 4652 764 4695 et
782 4653 860 4694 metes
878 4649 904 4694 in
920 4660 999 4704 marg.
1022 4644 1052 4691 L¹
1183 4643 1215 4691 93
1233 4657 1304 4705 cogor
1322 4658 1401 4693 amore
1420 4647 1460 4706 plo
1478 4647 1553 4694 etiam
1572 4647 1637 4698 Plee.
1657 4662 1735 4710 penes
1752 4651 1844 4698 referre
1863 4650 1884 4699 L

264 4737 296 4788 bl
316 4738 424 4786 coniunx
444 4732 548 4801 Dflllb]
566 4736 657 4783 ronlux
675 4735 729 4783 ruit.
836 4734 892 4780 liare
912 4728 995 4778 111111*2
1100 4729 1134 4778 95
1151 4730 1264 4778 ambadlo
1285 4729 1354 4778 OBL
1465 4730 1498 4780 99
1517 4734 1627 4794 germine
1644 4735 1699 4781 ulte
1719 4733 1747 4794 C,
1766 4749 1884 4796 germane

264 4826 318 4873 trite
336 4822 376 4886 111,
397 4836 497 4883 germen
515 4823 584 4870 auita
607 4822 626 4868 V
739 4818 771 4867 97
791 4819 903 4879 imperlls
922 4820 1002 4868 faetus
1020 4815 1079 4864 G¹V
1190 4818 1254 4876 regit
1272 4816 1331 4864 0¹1¹
1440 4819 1500 4865 urbe
1518 4817 1549 4866 ΑΙ
1668 4819 1715 4869 199
1733 4834 1834 4870 umens
1854 4820 1885 4869 0¹

264 4923 361 4959 euenere
379 4925 401 4969 o,
422 4909 463 4957 ud
481 4923 507 4956 su
525 4922 555 4957 eu
572 4909 598 4956 lu
620 4906 650 4953 0¹
790 4904 834 4953 191
856 4918 945 4952 sensus
966 4907 976 4950 1
996 4919 1030 4952 m.
1050 4918 1079 4951 er
1097 4916 1198 4951 sensum
1221 4900 1251 4970 0]
1276 4917 1377 4951 sensum
1396 4901 1437 4963 0²,
1458 4918 1534 4953 sensu
1552 4907 1618 4965 vett,
1644 4905 1680 4967 ef.
1702 4908 1755 4969 111,
1776 4908 1817 4967 91,
1842 4911 1881 4957 11.

268 4997 308 5057 11,
330 5000 353 5058 9,
374 4998 389 5044 :l
495 4993 543 5043 193
562 4994 652 5042 doeens
673 4993 693 5038 0
789 4993 863 5039 solers
881 4989 972 5052 911111)
1073 4984 1308 5056 mltls]mentls1)
1415 4988 1461 5038 191
1480 4990 1565 5052 quldq.
1590 4990 1679 5055 (Aba)
1788 4994 1881 5043 rubum.

266 5099 288 5133 v.
308 5096 341 5130 ex
362 5078 520 5129 οΜ111111Α1
