4374 6186
828 395 922 452 VITA
940 394 1076 451 serchi
1095 392 1277 449 GERMANI.
1835 391 1873 452 17

250 585 367 652 strictis
400 586 591 667 luminibus,
627 593 662 651 ut
683 585 769 651 unde
791 587 897 651 oleum
919 583 1124 651 benedictum
1146 583 1278 649 iniceret
1300 581 1431 647 luminis
1452 581 1575 647 aditum
1599 601 1662 646 non
1683 585 1872 664 praestaret.

254 691 316 774 (74)
343 691 466 755 Tamen
495 689 657 775 perunctis
688 688 853 774 palpebris
877 688 1016 772 desuper
1038 695 1070 753 et
1092 687 1164 752 loca
1186 687 1313 768 reliqua
1334 684 1468 769 eapitIs,
1502 683 1645 749 oratione
1667 682 1761 765 data,
1792 701 1876 767 pane

248 799 281 859 et
309 793 378 858 saie
408 793 535 877 signato
565 792 691 858 mulieri
721 791 887 877 praecepit
907 791 951 856 ad
973 791 1170 856 mansionem
1194 809 1228 855 se
1251 788 1400 855 condere.
1448 789 1522 873 ipse
1544 809 1565 853 a
1586 788 1687 874 primo
1711 806 1821 852 somno
1842 786 1877 851 in

247 896 382 962 oratorio
413 896 566 981 pervigii,
601 896 685 962 circa
714 896 855 962 medium
886 894 988 960 noctis
1018 894 1134 960 mulier
1164 893 1283 959 clamat
1304 892 1461 976 hospitem
1484 911 1520 957 se
1542 891 1710 956 lacrimare
1731 889 1873 975 profuse.

215 1000 330 1063 aTum
353 1018 488 1065 accenso
511 999 631 1064 lumine
654 1000 694 1064 ah
719 1000 882 1065 oculorum
906 1017 1050 1082 conpage
1075 996 1176 1062 cernit
1198 1016 1329 1060 manare
1353 995 1554 1078 sanguinem.
1606 995 1666 1078 (75)
1694 993 1786 1072 Quae
1804 1013 1876 1059 eum

247 1101 361 1167 eodem
383 1121 493 1168 cruore
515 1123 611 1169 mane
634 1102 676 1167 ad
700 1108 845 1168 sanetum
868 1101 974 1182 rediit,
1001 1100 1059 1167 sed
1083 1101 1208 1184 etipse
1231 1119 1303 1164 cum
1326 1118 1411 1180 aqua
1433 1097 1606 1183 palpebras
1629 1098 1742 1163 fovens
1765 1103 1797 1163 et
1819 1099 1877 1163 ab·

247 1205 356 1287 luens,
391 1205 591 1271 orationibus
614 1204 733 1270 additis
756 1206 868 1271 oculus
891 1224 973 1270 unos
996 1211 1126 1289 apertus
1149 1209 1215 1284 est,
1244 1201 1361 1267 deinde
1384 1202 1485 1268 altero
1508 1207 1662 1287 peruncto
1684 1201 1798 1266 mulier
1821 1200 1878 1265 do-

246 1328 333 1373 mum
356 1309 535 1374 revertitur.
584 1309 846 1375 Dehinceadem
870 1308 1045 1374 subnecte
1068 1307 1202 1372 nimium
1227 1305 1299 1371 i'uso
1323 1306 1498 1388 sanguine,
1531 1304 1801 1389 adpropinquanti
1824 1303 1877 1369 die

247 1411 406 1478 sacerdoti
436 1431 471 1477 se
500 1412 626 1478 obtulit.
679 1415 738 1495 (76)
767 1411 828 1488 oui
861 1432 932 1477 eum
964 1412 1004 1476 de
1035 1410 1124 1494 regis
1146 1430 1278 1475 occursu
1301 1409 1429 1474 domum
1453 1416 1677 1489 reverteretur,
1711 1409 1878 1492 ingressus

198 1538 227 1580 ιι
247 1515 280 1580 in
310 1515 499 1596 oratorium,
534 1516 641 1581 statim
671 1516 799 1581 mulieri
830 1516 912 1581 alter
941 1515 1054 1580 oculus
1084 1514 1226 1598 aperitur
1257 1520 1289 1578 et
1310 1520 1494 1597 praestante
1516 1512 1645 1577 domino
1667 1512 1806 1594 gemello
1828 1509 1879 1576 vi-

247 1618 324 1685 dere
347 1639 383 1685 se
406 1618 527 1683 lumine
549 1619 739 1701 gratulatur.

338 1725 399 1806 (77)
428 1721 640 1806 Magnoiiedis
669 1721 778 1806 puella
808 1741 880 1786 curn
906 1721 1027 1785 talibus
1050 1719 1187 1804 decepta
1209 1719 1408 1785 inluderetur
1428 1719 1573 1798 insidiis,
1606 1727 1641 1785 ut
1663 1719 1811 1803 quotiens
1833 1717 1875 1782 ad
1899 1714 2009 1779 XXVI

248 1825 418 1891 ecelesiam
448 1826 605 1891 voluisset
633 1824 788 1890 accedere
818 1844 965 1907 gressum
996 1824 1103 1889 facere
1133 1843 1195 1888 non
1226 1824 1365 1904 valeret,
1400 1843 1492 1889 servo
1522 1824 1573 1889 dei
1599 1823 1632 1888 in
1655 1824 1735 1889 viiia
1758 1823 1881 1888 Savara

248 1936 454 2014 praesentata
483 1935 543 1994 est.
595 1932 656 2012 (78)
685 1928 859 1994 Confestim
891 1936 925 1994 ut
953 1928 1057 1993 sancti
1088 1945 1202 1992 manus
1232 1946 1331 2027 super
1359 1934 1457 2011 eaput
1484 1929 1612 2013 puellae
1639 1927 1808 1993 titubantis
1829 1925 1881 1991 in-

201 2033 391 2117 reponitur,
425 2032 484 2097 tali
515 2032 764 2116 investigatione
797 2032 940 2096 occuitus
970 2031 1073 2097 hostis
1108 2031 1269 2113 detegitur
1291 2036 1381 2095 etse
1403 2030 1458 2096 diu
1481 2031 1616 2097 latuisse
1638 2031 1737 2095 multo
1759 2029 1880 2112 gemitu

250 2134 416 2201 confitetur
438 2134 554 2200 necin
576 2136 662 2201 beati
686 2135 904 2219 praesentiam
928 2135 1046 2200 clamat
1068 2133 1196 2218 proprio
1220 2154 1254 2198 se
1277 2153 1373 2218 posse
1389 2134 1493 2199 celare
1508 2134 1694 2219 praestigio.
1734 2134 1820 2216 Ergo
1835 2133 1882 2197 ita

251 2257 286 2303 se
308 2238 468 2322 proditum
493 2245 526 2302 ct
548 2257 751 2321 egressurum
776 2239 868 2321 gravi
891 2238 1005 2303 ardore
1029 2237 1245 2319 conqueritur.
1298 2240 1358 2320 (79)
1385 2238 1516 2302 Interim
1532 2257 1596 2303 non
1611 2243 1758 2303 cessante
1774 2256 1882 2302 saeer-

250 2341 323 2407 dote
353 2361 450 2405 manu
481 2361 605 2406 crucem
636 2342 830 2426 depingere,
863 2341 1110 2426 expectantibus
1141 2341 1287 2405 omnibus
1317 2340 1350 2404 in
1380 2360 1509 2406 muscae
1542 2340 1781 2406 similitudinem
1808 2360 1882 2425 pro-

250 2464 419 2530 rumpens,
457 2464 528 2509 cum
560 2445 718 2527 sanguine
750 2445 790 2510 de
821 2445 953 2510 naribus
981 2445 1125 2510 mulieris
1155 2444 1303 2509 inimicus
1333 2464 1484 2528 egressus
1512 2451 1577 2510 est.⁵
1620 2445 1722 2522 Quam
1752 2443 1882 2510 sanitati

200 2570 230 2612 ro
251 2548 445 2628 restitutam,
471 2548 663 2613 monachale
686 2556 777 2614 veste
802 2555 966 2630 mutatam,
995 2548 1047 2614 dei
1071 2547 1201 2614 servitio
1224 2547 1374 2613 traditam
1397 2547 1447 2613 bis
1464 2548 1661 2633 triumphare
1679 2548 1765 2629 iecit,
1792 2547 1883 2612 hoste

251 2651 334 2717 victo
357 2651 410 2717 vei
433 2652 574 2717 saeculo.

342 2757 402 2837 (80)
430 2753 517 2831 Quid
546 2755 630 2820 iilud
652 2755 737 2838 quod
761 2755 830 2820 sine
853 2775 943 2820 mora
966 2754 1089 2819 curavit
1111 2754 1249 2820 debilem
1273 2753 1462 2820 dexteram?
1505 2755 1585 2821 Cum
1607 2754 1650 2820 ad
1673 2754 1881 2820 festivitatem
1904 2750 2030 2815 XXVII

251 2857 355 2923 sancti
383 2857 511 2922 Martini
540 2858 678 2923 Turonis
711 2857 917 2938 accessisset,
958 2876 1088 2939 egresso
1123 2856 1162 2921 de
1193 2858 1386 2923 monasterio
1417 2859 1509 2924 offert
1536 2879 1572 2924 se
1603 2858 1716 2924 mulier
1745 2858 1884 2923 barbara

252 2982 349 3026 manu
378 2961 486 3026 nervis
515 2962 679 3043 adtracta,
710 2963 877 3045 postolans
908 2961 1112 3027 medicinam.
1161 2961 1264 3038 Quam
1297 2962 1357 3026 sub
1388 2963 1500 3027 casula
1525 2969 1685 3046 receptam
1709 2981 1766 3026 suo
1788 2971 1883 3045 sputo

201 3088 232 3130 aa
251 3063 376 3129 inlitam
405 3065 495 3130 velut
523 3083 669 3149 sparsum
699 3065 823 3130 farinae
854 3065 1023 3131 collectum
1054 3072 1278 3130 commacerat.
1342 3067 1402 3147 (81)
1436 3066 1519 3131 ilino
1548 3065 1720 3131 resudante
1751 3065 1884 3130 dextera

251 3168 372 3252 digitus
394 3167 498 3234 tendit
520 3175 552 3233 et
574 3168 725 3253 replicat,
752 3176 912 3254 torporem
933 3175 1112 3235 veteratum
1135 3168 1177 3233 ad
1200 3168 1407 3234 vivacitatem
1431 3169 1616 3248 resuscitat,
1643 3176 1675 3233 et
1697 3168 1883 3253 priusquam

251 3272 374 3337 veniret
403 3270 446 3336 ad
468 3271 556 3337 beati
579 3271 709 3337 Martini
731 3273 877 3356 ianuam,
914 3272 1026 3356 digitis
1050 3273 1116 3337 suis
1140 3279 1306 3338 extensam
1329 3272 1471 3338 reddidit
1492 3273 1680 3338 incolomem
1704 3272 1881 3337 dexteram.

252 3374 356 3452 Quam
379 3395 453 3439 mox
477 3375 621 3441 sentiens
644 3396 716 3441 esse
740 3375 893 3441 directam
917 3377 1085 3443 mulierem
1108 3396 1128 3439 a
1151 3395 1186 3441 ae
1210 3376 1361 3460 repulsus
1384 3382 1434 3440 est
1456 3376 1622 3459 ingressus
1644 3376 1823 3442 basilicam.

343 3479 404 3561 (82)
432 3478 558 3543 Deinde
591 3479 777 3562 egrediente
808 3480 849 3545 de
875 3480 1042 3564 praedicta
1062 3479 1217 3559 basilica,
1253 3499 1323 3543 oum
1347 3498 1382 3543 se
1406 3478 1448 3543 ad
1471 3480 1668 3545 mansionem
1692 3498 1805 3544 servus
1828 3477 1882 3543 dei
1904 3474 2047 3539 XXVIII

202 3607 232 3645 no
254 3581 421 3663 reciperet,
449 3582 545 3646 offert
566 3601 601 3646 se
624 3602 739 3647 manca
762 3583 866 3647 altera
888 3584 997 3668 palma
1020 3582 1130 3665 digitis
1153 3582 1270 3662 adfixa,
1298 3602 1381 3663 quae
1404 3582 1492 3666 prius
1514 3590 1600 3648 tacta
1623 3582 1662 3647 de
1686 3582 1800 3663 saliva,
1827 3580 1885 3647 de-

252 3682 328 3748 hinc
358 3684 428 3749 oleo
451 3690 606 3768 peruncta
628 3685 818 3768 peregrinae
844 3685 976 3750 sanitati
999 3684 1040 3750 de
1064 3685 1225 3769 praesenti
1249 3692 1298 3750 est
1320 3684 1458 3750 reddita.
1505 3686 1590 3750 Nam
1614 3705 1730 3751 causas
1752 3684 1885 3749 infirmi-

253 3787 330 3852 tatis
354 3787 413 3852 hoo
436 3793 505 3853 erat
527 3795 638 3853 saneto
662 3788 731 3853 viro
754 3808 866 3854 curare
888 3788 973 3871 quod
996 3795 1140 3871 tangere.
1525 3792 1528 3798 ’

343 3891 404 3973 (83)
432 3891 510 3954 Erat
540 3911 617 3955 sane
649 3891 814 3971 mirabile,
850 3891 995 3973 quodcns
1027 3890 1169 3956 famulus
1193 3891 1246 3956 dei
1269 3891 1309 3956 ad
1332 3892 1591 3975 Augustidunum
1615 3891 1769 3957 voluisset
1790 3910 1883 3956 aece-
1906 3888 2018 3954 XXIX

188 4011 193 4021 ·
253 3993 348 4074 dere,
375 4013 448 4058 mox
471 3993 514 4058 ad
537 4001 681 4060 sanctum
705 3995 966 4080 Synphorianum
990 3995 1163 4060 daemones
1187 3996 1386 4061 nuntiabant.
1433 3997 1475 4062 Et
1496 4002 1697 4062 occurrentes
1719 4016 1777 4081 per
1799 3996 1887 4060 Mur-

204 4121 234 4161 ra
255 4096 386 4162 vinnum
414 4095 501 4163 iletu'
514 4098 701 4181 gemituque
724 4099 923 4164 clamabant:
959 4099 1015 4164 Vir
1037 4107 1164 4179 sancte,
1200 4099 1226 4164 si
1250 4100 1291 4165 de
1314 4099 1393 4164 loeis
1417 4100 1511 4164 cultis
1534 4119 1592 4165 nos
1614 4099 1887 4165 inconsideranter

253 4201 404 4284 repellis,
437 4201 489 4266 vel
512 4201 659 4266 habitare
682 4201 822 4267 concede
845 4203 998 4267 silvarum
1022 4223 1080 4287 per
1103 4202 1328 4283 solitudinem,
1356 4210 1390 4267 ut
1412 4203 1509 4268 liceat
1530 4204 1655 4270 miseris
1678 4202 1887 4288 perdeserta

256 4322 385 4369 securos
414 4324 532 4370 errare.
580 4307 663 4370 Ante
696 4312 768 4372 tuos
798 4307 907 4373 oeulos
936 4327 996 4372 nee
1018 4327 1152 4391 corpora
1173 4325 1231 4371 nos
1254 4307 1360 4373 celant
1381 4327 1441 4373 nec
1462 4328 1602 4373 nemora.
1655 4310 1715 4391 (84)
1742 4307 1805 4386 Qui
1828 4307 1887 4373 de-

253 4405 368 4473 flentes
398 4416 430 4473 et
459 4408 563 4474 saneti
590 4429 654 4474 non
683 4411 857 4477 tolerantes
888 4411 1105 4496 praesentiam
1136 4410 1266 4476 admota
1295 4410 1366 4475 eius
1389 4410 1523 4476 dextera
1545 4411 1585 4476 de
1607 4411 1749 4476 obsessis
1772 4431 1884 4496 corpo

254 4511 343 4576 ribus
367 4511 489 4595 passim
514 4513 719 4578 vertebantur
741 4514 774 4578 in
798 4515 907 4598 fugam
931 4523 964 4581 et
986 4515 1025 4580 de
1050 4515 1154 4580 saluta
1177 4514 1286 4598 popuii
1309 4513 1453 4598 proiecta
1468 4514 1637 4581 daemonia
1653 4515 1882 4581 lamentabant.

202 4638 233 4679 ro
347 4618 407 4697 (85)
436 4615 635 4680 Producatur
660 4616 694 4680 in
717 4616 823 4681 medio
847 4617 953 4683 nobile
975 4618 1058 4683 iliud
1081 4619 1281 4684 miraculum.
1328 4617 1408 4683 Cum
1431 4618 1653 4701 regrederetur
1674 4619 1819 4704 pontifex
1841 4619 1883 4684 de
1906 4615 2001 4680 XXX

255 4725 365 4783 sancto
397 4718 639 4803 Synphoriano,
678 4720 812 4785 castello
842 4720 1001 4786 rivallone
1029 4723 1091 4786 iter
1120 4742 1222 4804 agens
1251 4720 1444 4804 ingreditur,
1479 4721 1533 4786 ubi
1561 4742 1686 4787 reorum
1715 4722 1885 4788 multitudo

255 4823 446 4888 tenebantur
476 4824 685 4907 ergastulum.
749 4825 811 4907 (86)
837 4824 920 4889 Hinc
948 4844 969 4889 a
998 4825 1128 4890 NicasIo
1157 4824 1456 4910 comite„invitatus
1485 4824 1528 4890 ad
1557 4824 1727 4910 prandium
1756 4827 1806 4891 vir
1832 4825 1886 4892 dei

344 5088 525 5149 laditusG'
601 5101 732 5164 2reliqua
750 5104 840 5166 eapitis
858 5097 961 5149 100262
1066 5099 1376 5169 Sadpropinquaoti]PG
1481 5103 1644 5163 ilingrassus
1657 5106 1683 5153 in
1697 5101 1841 5171 oratorium]
1853 5104 1882 5165 P,

254 5201 302 5248 qno
321 5189 433 5247 ingresso
450 5189 582 5236 oratorium
607 5188 647 5249 (i¹,
668 5191 795 5249 ingressus
814 5189 947 5236 oratorium
967 5185 1000 5234 62
1116 5188 1146 5238 io
1165 5203 1192 5237 se
1211 5189 1340 5238 uidercP
1447 5189 1476 5238 12
1496 5191 1692 5250 magnohidisP
1796 5189 1827 5238 13
1845 5205 1885 5238 ae·

254 5275 307 5322 cadi
327 5272 359 5320 P¹
464 5275 645 5335 regressumG
765 5274 794 5323 15
814 5270 905 5339 hostis]
924 5274 954 5336 P,
975 5274 1068 5337 hospes
1090 5275 1133 5336 (Θ)
1253 5275 1283 5324 16
1302 5274 1480 5344 praesentiam]
1499 5278 1522 5325 I'
1627 5276 1656 5325 17
1676 5278 1784 5326 cessanti
1805 5291 1885 5326 saeor-

254 5360 299 5408 diti
320 5361 342 5406 P
457 5360 489 5411 20
509 5362 640 5410 monachili
659 5361 701 5421 G¹,
722 5362 862 5409 monachali
883 5358 916 5409 (1⁴²
1033 5360 1065 5410 23
1085 5363 1230 5410 turonusP
1346 5363 1377 5412 27
1397 5365 1523 5413 raddei>
1634 5363 1666 5414 28
1686 5360 1886 5431 sentientem]

254 5447 405 5495 sentiesei'
507 5449 624 5511 repulsus
642 5444 692 5514 ast]
711 5448 739 5510 P,
761 5450 896 5509 repetito
1001 5447 1034 5498 28
1053 5446 1210 5515 egrediente]
1228 5464 1256 5497 ao
1274 5449 1333 5499 odd.
1354 5447 1387 5498 0²
1492 5451 1525 5498 30
1543 5452 1648 5512 palmam
1664 5450 1695 5498 P¹
1801 5452 1887 5514 quati

255 5532 283 5580 31
305 5531 465 5600 peregrinae]
486 5535 515 5598 P,
536 5537 668 5597 peregrina
690 5535 721 5595 G,
740 5536 863 5596 pristinae
881 5536 962 5596 vato„
984 5535 1019 5595 cf.
1039 5550 1116 5584 cona.
1137 5536 1175 5597 11,
1194 5540 1236 5596 78,
1253 5540 1303 5586 766
1407 5536 1440 5586 33
1458 5533 1589 5602 quotiens]
1606 5540 1664 5599 quia
1682 5539 1799 5599 quotiens
1819 5533 1853 5585 0¹

254 5620 408 5679 agustiduno
429 5619 459 5665 Pl
582 5620 614 5670 34
633 5622 768 5668 muruinno
789 5620 820 5666 1²¹
943 5621 974 5670 37
994 5636 1057 5682 quae
1076 5621 1109 5669 1²¹
1233 5622 1266 5671 33
1285 5619 1467 5688 lamentabant]
1487 5621 1552 5685 1³0¹,
1574 5622 1608 5682 cs.
1628 5637 1704 5673 eumn.
1724 5640 1783 5686 opp.
1807 5628 1830 5687 i,
1854 5627 1886 5672 79

253 5704 287 5753 40
309 5703 403 5772 medlo]
421 5706 444 5753 P
546 5707 578 5755 ii
598 5704 761 5773 tenebantur]
781 5707 803 5753 P

332 5805 463 5848 valramo
478 5807 634 5848 Forrrvrrarvs.
1659 5812 1674 5861 3
