4374 6186
959 411 1177 469 Fou‘rvun'rr
1194 412 1395 470 onunruvn

695 602 846 687 lampade
870 603 1007 686 fulgenti
1029 611 1105 668 tunc
1127 613 1158 668 te
1181 604 1330 670 veniente
1354 625 1477 670 sorores

781 707 944 792 excipiant
965 706 1048 772 laeto
1071 707 1210 789 Thecla,
1237 707 1386 772 Susanna
1408 709 1512 773 choro.

696 809 775 874 hacc
798 810 891 875 modo
914 810 990 874 (lum
1014 810 1110 875 redeo
1132 811 1271 876 breuiter
1293 812 1445 876 mandata
1468 811 1629 893 relinquo:

783 919 816 976 tu
840 932 983 996 quoque,
1010 912 1085 977 (lum
1109 913 1237 997 religis,
1265 934 1315 978 me
1338 934 1514 979 memorare
1537 914 1629 978 uelis.

1120 1169 1229 1234 XXIV

1069 1291 1159 1364 Item
1186 1290 1283 1364 aliud

698 1434 839 1518 Anxius,
865 1434 1003 1500 afflictus
1026 1454 1173 1501 curarum
1197 1435 1339 1520 pondere
1362 1454 1489 1518 curvor,

784 1544 910 1622 pectore
934 1537 1065 1604 confuso
1089 1558 1147 1603 nec
1169 1538 1246 1602 dare
1269 1539 1368 1603 verba
1389 1559 1488 1621 queo:

699 1660 859 1706 murmure
882 1640 942 1705 sub
965 1640 1062 1706 dubio
1085 1642 1207 1706 laceror
1229 1661 1332 1723 noque
1356 1641 1497 1706 carmina
1519 1643 1611 1724 lano,

785 1744 893 1808 nescio
915 1750 1002 1808 certa
1024 1744 1112 1826 loqui
1135 1749 1241 1809 mente
1264 1750 1403 1827 vagante
1427 1745 1515 1809 milri.

634 1870 646 1906 r,
700 1846 780 1927 heu,
806 1845 928 1912 tristem
952 1847 980 1912 si
1003 1852 1077 1911 rota
1099 1847 1199 1912 velint
1221 1846 1333 1912 audire
1356 1847 1527 1929 fatentem,

785 1969 837 2014 me
860 1948 965 2015 subito
988 1949 1108 2015 fenent
1129 1949 1241 2015 nubila
1262 1950 1362 2014 missa
1384 1949 1460 2022 tibi:

701 2052 877 2118 Daedalico
900 2053 993 2137 lapsu
1017 2054 1045 2117 si
1067 2053 1181 2138 pinnas
1205 2072 1330 2118 sumere
1353 2073 1498 2134 nossem,

787 2156 830 2221 ad
852 2176 910 2221 vos
932 2156 1121 2239 quantocius
1143 2157 1206 2221 iam
1229 2157 1407 2222 revolasset
1429 2177 1557 2222 amans:

702 2259 792 2324 novit
813 2259 897 2323 enim
920 2260 1081 2340 dominus,
1110 2259 1163 2343 qui
1187 2259 1283 2325 corda
1306 2260 1439 2325 latentia
1462 2260 1585 2344 pulsat,

788 2381 871 2445 quae
893 2382 983 2445 moa,
1010 2362 1068 2427 sed
1091 2363 1203 2443 tacite,
1231 2363 1356 2428 viscera
1379 2382 1455 2429 cura
1478 2364 1595 2429 domet.

703 2465 846 2548 reddite,
872 2486 943 2530 cum
966 2486 1110 2548 nequeo,
1137 2466 1285 2532 dominae
1307 2465 1467 2551 promissa
1488 2467 1665 2550 benignam

790 2589 849 2634 nec
871 2576 979 2634 tamen
1001 2568 1054 2634 hic
1077 2569 1203 2655 culpam
1228 2569 1321 2634 crede
1344 2569 1444 2635 fuisse
1467 2590 1589 2635 meam:

705 2692 841 2755 excusa,
869 2673 897 2738 si
919 2669 1000 2738 forte
1023 2679 1131 2758 potes,
1159 2693 1217 2757 per
1240 2673 1348 2738 sidera
1369 2680 1484 2756 testor,

791 2797 843 2842 me
864 2797 968 2860 neque
991 2775 1075 2841 velle
1098 2796 1203 2841 moras
1226 2776 1337 2840 matris
1359 2776 1392 2841 in
1415 2797 1492 2841 aure
1515 2776 1609 2841 foras.

706 2886 775 2945 oret
796 2900 853 2964 pro
875 2878 1011 2944 famulo:
1039 2879 1133 2945 citius
1157 2899 1300 2945 remeare
1323 2879 1461 2964 parabo,

793 2988 825 3048 et
848 3003 920 3048 cum
943 2989 1145 3067 praesentor,
1171 2983 1321 3063 verbere,
1348 3003 1424 3048 voce
1448 2983 1564 3049 domet.

1137 3240 1230 3304 XXV

1079 3361 1169 3435 Item
1196 3361 1293 3435 aliud

708 3505 915 3592 Supplicibus
937 3505 1019 3571 votis
1041 3505 1159 3571 referat
1179 3504 1332 3571 mandata
1355 3507 1468 3572 salutis

795 3609 949 3674 matribus
972 3629 1011 3674 ac
1033 3608 1171 3673 dominis
1193 3609 1314 3694 pagina
1336 3610 1434 3675 missa
1456 3611 1608 3693 loquens,

710 3712 850 3795 dumque
872 3719 1000 3777 recusat
1019 3711 1080 3776 iter
1101 3719 1244 3776 nostrum
1267 3711 1325 3776 tibi
1347 3712 1482 3778 reddere
1504 3714 1630 3795 vultus,

796 3816 944 3881 affectum
968 3814 1074 3880 saltim
1098 3814 1280 3880 sollicitudo
1302 3817 1429 3899 probet:

644 3941 657 3979 s
711 3939 769 3985 nec
792 3938 902 3985 sumus
924 3918 1093 3999 absentes,
1119 3918 1147 3983 si
1169 3938 1227 3983 nos
1250 3919 1350 3984 oratio
1372 3919 1476 3984 dulcis

797 4029 984 4107 praesentes
1007 4041 1132 4107 semper
1155 4021 1260 4088 cordis
1283 4042 1390 4088 amore
1413 4028 1509 4088 tenet.

1134 4279 1244 4344 XXVI

1083 4401 1174 4475 Item
1200 4400 1297 4476 alind

714 4557 809 4622 Matri
830 4564 924 4622 natus
946 4575 1025 4639 ego,
1051 4554 1151 4620 frater
1172 4553 1266 4618 simul
1289 4554 1360 4638 ipsc
1383 4554 1483 4618 sorori

800 4667 928 4746 pectore
950 4658 1064 4724 devoto
1085 4658 1223 4743 parvula
1243 4657 1328 4722 dona
1350 4657 1429 4722 fero.

715 4764 828 4830 tertius
851 4763 959 4828 unitus
980 4761 1042 4827 tria
1063 4779 1196 4825 munera
1218 4766 1308 4843 porto
1330 4759 1473 4826 duabus:

800 4874 866 4933 tam
889 4864 1001 4931 dulces
1023 4864 1148 4929 animas
1170 4862 1279 4929 dulcia
1300 4884 1395 4948 poma
1417 4864 1542 4931 decent.

650 4991 662 5029 o
716 4968 775 5036 sed
797 4968 872 5034 date
893 4988 979 5033 nunc
1000 4967 1128 5033 veniam
1151 4964 1229 5030 milri
1252 4964 1337 5049 quod
1360 4965 1435 5032 fano
1457 4967 1515 5032 tali
1539 4969 1688 5035 habetur:

801 5091 935 5137 munera
957 5090 1039 5154 quae
1061 5075 1180 5154 portet,
1208 5070 1319 5135 charta
1341 5070 1480 5137 canister
1501 5072 1571 5137 erit.

452 5284 485 5335 30
502 5299 542 5334 mc
560 5299 695 5334 memorare
716 5278 870 5348 mardos]
888 5294 995 5330 memora
1013 5293 1040 5328 se
1115 5306 1118 5313 ·

451 5371 540 5421 xxlv
629 5369 654 5418 Σ
670 5369 693 5432 f.
715 5367 762 5420 67'
865 5370 1040 5417 3murmorac
1142 5365 1244 5415 oceno
1348 5373 1452 5416 uacanta
1558 5368 1724 5432 'ldedallquo
1828 5371 2007 5433 Squantotlus

385 5459 501 5510 llutos

451 5544 526 5594 XXV
596 5540 659 5605 Es.
680 5541 726 5592 67Γ
830 5541 922 5604 3sort.
943 5541 1043 5590 uultum

453 5631 541 5679 XXVI
611 5627 742 5692 2125?
848 5628 930 5693 lipsi
1035 5627 1160 5675 {ltercius
1265 5632 1334 5689 porta
1440 5628 1531 5676 suno
1549 5628 1592 5675 tall
1616 5626 1733 5689 qrcomodo
1751 5626 1875 5676 emendem
1893 5643 1944 5678 aon
1962 5628 2007 5677 lm·

384 5719 436 5768 teo.
472 5730 586 5766 camare
604 5715 703 5766 videtur
721 5716 785 5780 qaod
803 5716 926 5765 calathum
943 5728 994 5763 oon
1011 5713 1096 5761 labem
