4374 6186
836 419 930 474 VITA
949 417 1086 475 SANOTI
1104 414 1281 474 Passeris
1834 420 1875 482 35

252 611 436 694 mansisset,
470 611 654 677 advenienti
683 609 811 675 iteranti
835 616 868 674 et
888 610 995 693 ipsum
1018 608 1133 674 beatus
1156 608 1312 674 Paternus
1335 608 1377 673 ad
1400 607 1631 673 humanitatem
1655 607 1790 691 largitus
1813 615 1872 690 ost,

251 712 386 798 cupiens
415 715 509 780 homo
538 713 591 779 dei
619 713 724 797 magis
754 712 876 778 hocin
905 714 1084 779 mercedem
1114 733 1210 795 quam
1238 712 1438 778 inventrem
1460 711 1644 778 recondere.
1697 712 1759 795 (21)
1785 713 1879 777 Tune

252 836 343 884 sacer
365 817 505 884 Soubilio
532 819 613 883 hora
642 816 824 901 conpetenti
851 823 961 900 rogat,
995 817 1116 883 utiam
1139 815 1293 882 deberent
1316 815 1457 881 reticere.
1506 815 1567 882 Oui
1589 815 1787 900 respondens
1810 814 1872 880 ait:

251 920 397 987 Christus
419 921 474 1004 qui
497 941 625 1005 semper
645 919 788 986 abundat
809 927 982 1006 praeperat
1004 919 1071 986 suis
1095 920 1227 987 cibaria.
1280 920 1342 1003 (22)
1368 918 1462 997 Quod
1484 919 1583 985 frater
1604 920 1739 985 moleste
1755 918 1874 1000 ferens,

221 1044 291 1090 seo
321 1024 407 1107 quod
436 1031 509 1110 post
535 1026 678 1090 laborem
708 1044 770 1089 non
798 1024 966 1090 invenerat
991 1024 1077 1090 unde
1100 1045 1134 1090 se
1157 1024 1313 1108 fatigatus
1335 1023 1495 1089 reliceret:
1530 1029 1691 1088 ettamen
1712 1042 1770 1107 pro
1793 1020 1879 1088 servi

252 1148 328 1194 esca
355 1127 475 1194 domini
504 1147 580 1194 cura
608 1128 781 1213 pervigilat
808 1148 868 1194 neo
897 1127 1015 1196 famem
1045 1129 1112 1213 pati
1140 1128 1286 1213 permisit
1314 1126 1369 1211 qui
1397 1127 1550 1193 esurienti
1578 1127 1695 1192 victum
1722 1125 1875 1211 inpertiit.

257 1233 319 1316 (23)
345 1233 430 1299 Nam
453 1232 523 1298 sine
544 1252 634 1297 mora
655 1230 831 1297 Witherius
853 1232 976 1317 primus
999 1252 1107 1298 eorum
1131 1232 1309 1315 discipulus
1331 1231 1415 1298 iuter
1435 1229 1558 1295 ieiunia
1577 1228 1686 1294 intulit
1707 1228 1803 1294 xenia
1824 1247 1879 1294 eo-

252 1335 344 1420 piosa
373 1342 406 1402 et
434 1334 664 1420 multiplicavit
693 1335 830 1415 cibaria,
863 1335 1037 1401 relectione
1068 1335 1214 1401 dilatata.
1262 1335 1316 1400 Sic
1344 1334 1429 1400 intra
1458 1335 1556 1400 horae
1578 1339 1771 1398 momentum
1794 1331 1878 1416 quod

250 1438 410 1523 indigenti
432 1439 567 1505 dederat
588 1459 660 1504 cum
683 1459 800 1522 magno
823 1438 933 1505 fenore
955 1446 1156 1524 receperunt.

203 1563 233 1605 ro
346 1544 406 1627 (24)
432 1542 546 1626 ltaque
572 1541 748 1610 refectione
771 1549 902 1626 peracta
923 1542 1051 1626 aqualis
1074 1542 1177 1626 liquor
1199 1542 1383 1608 sitientibus
1406 1541 1534 1624 deerat,
1567 1540 1642 1624 quia
1664 1545 1752 1604 tauto
1775 1541 1880 1625 magis
1901 1542 1977 1607 VIII

253 1665 327 1712 caro
357 1645 522 1712 desiderat
543 1648 674 1731 pocula,
708 1654 826 1729 quanto
849 1647 922 1730 plus
946 1646 1097 1711 saturitas
1121 1645 1303 1712 exardescit
1325 1653 1398 1730 post
1419 1664 1537 1710 escam.
1584 1644 1658 1709 Mox
1680 1644 1715 1708 in
1737 1644 1880 1710 oratione

252 1748 374 1834 profusi
398 1749 560 1815 Christum
589 1757 755 1815 aeternum
786 1748 905 1815 fontem
935 1757 1122 1835 precantur,
1156 1757 1191 1815 ut
1220 1750 1290 1835 ipse
1319 1748 1386 1815 suis
1409 1748 1541 1814 famulis
1563 1768 1681 1830 aquam
1704 1747 1824 1813 tribuat
1845 1747 1878 1812 iu

253 1851 397 1933 deserto,
429 1852 483 1934 qui
505 1860 581 1918 tunc
603 1852 812 1919 Israheliticis
835 1852 922 1918 unda
943 1853 1087 1919 manavit
1107 1853 1141 1918 in
1163 1854 1303 1924 heremo.
1356 1854 1418 1936 (25)
1444 1851 1527 1917 Hinc
1549 1849 1726 1917 divinitatis
1748 1851 1880 1917 auribus

257 1975 275 2021 e
297 1956 402 2021 vicino
425 1955 587 2021 exauditis
609 1955 776 2040 precibus,
803 1955 859 2022 ubi
881 1956 995 2022 beatus
1017 1957 1175 2022 Paternus
1198 1956 1304 2039 tetigit
1325 1956 1366 2022 de
1389 1956 1504 2021 baculo
1526 1955 1657 2021 humum
1680 1953 1752 2019 sons
1775 1953 1881 2040 erupit

206 2079 236 2121 ra
256 2060 299 2125 ab
328 2060 447 2144 abysso
473 2065 506 2124 et
527 2060 573 2124 ita
595 2060 724 2144 replens
747 2059 886 2140 exilivit,
920 2079 960 2124 ao
982 2059 1010 2125 si
1031 2060 1161 2145 Moyses
1183 2061 1266 2125 alter
1288 2059 1379 2143 virga
1401 2060 1583 2145 perforante
1605 2077 1707 2140 aquas
1729 2059 1881 2124 traxisset

253 2162 294 2229 de
316 2163 437 2248 lapide.

343 2268 404 2351 (26)
432 2267 531 2332 (iuius
557 2285 674 2332 causae
697 2265 785 2332 fama
807 2274 971 2333 crescente
994 2267 1044 2332 vir
1065 2267 1259 2333 venerabilis
1283 2266 1466 2332 Generosus
1488 2267 1574 2332 abba
1595 2286 1705 2332 eorum
1727 2274 1801 2352 post
1822 2267 1881 2332 tri-
1900 2268 1949 2332 IX

254 2369 383 2436 ennium
406 2370 450 2435 ad
471 2369 680 2452 requirendos
702 2371 876 2437 monachos
898 2377 965 2436 tam
989 2372 1071 2438 bene
1094 2372 1137 2436 ad
1153 2371 1315 2437 Christum
1337 2369 1490 2453 fugitivos
1510 2369 1662 2456 perrexit.
1714 2373 1773 2453 (27)
1801 2369 1882 2448 Qui·

254 2475 314 2539 bus
344 2473 501 2556 inventis,
534 2473 680 2556 agnoscit
709 2481 855 2540 sanctum
877 2475 1049 2541 Paternum
1078 2495 1113 2541 se
1141 2475 1175 2540 in
1204 2474 1301 2540 valde
1330 2473 1398 2539 vita
1419 2473 1526 2539 ardua
1549 2472 1792 2557 constrinxisse,
1826 2474 1882 2558 qui

166 2611 170 2616 -
204 2582 382 2661 repraeter
410 2597 527 2661 panem
557 2583 590 2642 et
616 2597 733 2660 aquam
763 2578 816 2642 vel
843 2577 954 2643 holera
983 2580 1052 2644 sale
1082 2577 1211 2643 condita
1241 2579 1331 2643 nulla
1359 2577 1506 2643 sumebat
1527 2577 1661 2642 cibaria.
1707 2579 1881 2662 Aspeotum

254 2699 330 2746 vero
353 2699 445 2745 suum
468 2700 530 2745 non
554 2680 656 2745 solum
679 2702 699 2746 a
721 2680 913 2746 seminarum
936 2682 995 2748 sed
1018 2681 1114 2748 etiam
1138 2703 1159 2746 a
1181 2682 1320 2747 viromm
1343 2680 1529 2747 removebat
1550 2680 1749 2763 praeseutia,
1782 2687 1818 2746 ut
1832 2681 1880 2774 'ab

254 2783 400 2850 omnibus
434 2789 610 2849 summotus
645 2784 780 2850 sollicite
810 2792 995 2869 expectaret
1025 2785 1184 2853 adventus
1211 2787 1377 2869 angelicos
1406 2791 1437 2850 et
1466 2789 1623 2849 cresceret
1649 2783 1682 2848 in
1713 2783 1881 2853 divinitate

253 2888 340 2972 quod
362 2887 491 2952 deesset
513 2886 548 2952 in
568 2887 709 2954 homine.
762 2889 822 2973 (28)
849 2890 1017 2955 Lectulum
1040 2910 1213 2973 numquam
1228 2889 1362 2969 habens,
1389 2887 1522 2954 lectaria
1536 2886 1695 2968 nesciens,
1720 2888 1754 2953 in
1769 2888 1881 2972 pluma

254 3010 358 3074 neque
381 2996 477 3075 caput
498 2991 668 3071 reclinans,
696 2990 760 3058 nisi
782 3000 872 3059 veste
894 2994 1114 3060 tantummodo
1136 2993 1255 3077 quain
1278 2993 1331 3059 die
1352 3011 1431 3058 usus
1453 2998 1503 3058 est
1524 3010 1564 3056 ea
1586 2999 1789 3075 pernoctem
1805 3013 1881 3059 con-

204 3116 235 3159 as
254 3101 361 3160 tentus
389 3101 447 3160 est.
496 3096 557 3159 Pro
586 3095 675 3160 molli
704 3096 779 3161 lana
807 3096 963 3162 hirsutum
995 3097 1132 3164 cilicium
1154 3097 1310 3180 induens,
1344 3102 1379 3162 ut
1400 3094 1484 3161 inter
1504 3095 1600 3160 horas
1623 3096 1747 3180 soporis
1769 3102 1802 3162 et
1823 3116 1883 3182 per

254 3198 393 3281 quietem
415 3197 567 3282 temporis
589 3218 653 3263 non
675 3206 762 3265 essct
776 3199 903 3283 requies
918 3201 1060 3285 corporis
1075 3207 1108 3267 et
1122 3209 1244 3268 mutato
1259 3200 1370 3266 ordine
1386 3199 1493 3265 adhuc
1508 3205 1580 3284 post
1595 3204 1701 3264 actum
1717 3198 1803 3265 diem
1819 3220 1882 3266 nox

255 3300 441 3367 succederet
462 3300 496 3366 in
518 3302 639 3367 labore.
692 3303 753 3385 (29)
780 3303 873 3382 Quod
896 3304 999 3369 abbas
1023 3325 1101 3370 suus
1120 3305 1295 3389 inspiciens
1311 3303 1395 3370 ultra
1410 3303 1608 3388 propositum
1623 3302 1767 3385 regulae,
1793 3304 1883 3370 velut

254 3405 464 3491 inpatientem
494 3425 611 3487 equum
640 3407 757 3472 acriter
785 3413 1006 3473 excurrentem
1036 3428 1093 3492 per
1121 3407 1260 3493 inposita
1289 3406 1370 3473 freni
1394 3405 1537 3491 pondera
1558 3405 1600 3471 ad
1623 3407 1788 3473 moderata
1809 3426 1882 3473 eum

255 3508 418 3574 revocavit
437 3509 569 3593 ieiunia,
595 3509 757 3594 imperans
780 3518 815 3576 ut
837 3530 897 3575 nec
919 3511 1086 3576 reclausus
1108 3518 1196 3577 esset
1217 3517 1282 3576 tam
1305 3511 1405 3576 ardue
1426 3529 1530 3593 neque
1553 3509 1693 3575 virorum
1709 3517 1880 3595 conspectu

206 3634 236 3676 ao
256 3613 309 3678 vel
339 3611 508 3695 conloquio
535 3631 570 3677 se
600 3610 779 3694 fraudaret,
814 3613 947 3698 insuper
976 3621 1008 3679 et
1036 3614 1171 3680 cellulas
1199 3634 1280 3698 quas
1309 3615 1381 3699 ipse
1408 3614 1604 3680 instruxerat
1632 3614 1666 3679 in
1689 3632 1779 3679 carro
1802 3615 1884 3680 vici-

254 3715 315 3780 bus
337 3714 493 3780 visitaret.

346 3817 408 3900 [30]
434 3817 484 3883 De
514 3838 576 3900 quo
606 3817 681 3900 quia
712 3817 872 3885 debonis
903 3826 989 3886 esset
1020 3820 1206 3907 parentibus
1235 3827 1301 3886 tam
1329 3819 1521 3905 apontifioe
1543 3819 1718 3886 Leontiano
1740 3840 1836 3904 quam
1859 3842 1880 3888 a
1902 3824 1934 3888 X

259 3921 384 3987 civibus
407 3927 553 4006 prompte
576 3921 765 3988 testificatus
788 3929 848 3989 est.
896 3923 998 4002 Quem
1020 3924 1055 3989 in
1078 3925 1147 3990 ioco
1170 3923 1415 4007 commendans,
1449 3924 1578 3989 beatium
1601 3923 1817 3990 Scubilionem
1840 3924 1883 3990 ad

256 4024 484 4090 monasterium
512 4043 684 4108 revocans,
718 4047 817 4113 parvo
845 4027 1016 4094 intervallo
1043 4028 1086 4094 ad
1109 4028 1240 4094 fratrem
1263 4028 1366 4094 redire
1389 4027 1546 4113 permisit.
1597 4029 1659 4112 (31)
1686 4027 1813 4095 Dehinc
1834 4029 1884 4095 vir

206 4151 237 4192 aa
257 4128 308 4194 dei
332 4129 489 4194 Paternus
518 4148 540 4193 a
568 4136 679 4195 sancto
701 4130 877 4197 Leontiano
907 4129 1061 4197 diaconus
1089 4153 1128 4198 ac
1157 4133 1325 4218 presbyter
1349 4130 1530 4211 institutus,
1563 4137 1716 4214 quantum
1739 4131 1882 4216 dignitas

255 4239 402 4298 creverat
430 4238 555 4297 tautum
586 4252 621 4298 se
649 4233 821 4300 virtutibus
848 4234 1037 4301 honorabat.
1084 4235 1209 4314 Quibus
1239 4236 1387 4319 gemellis
1418 4234 1592 4301 cultoribus
1622 4241 1729 4301 tantus
1757 4236 1791 4301 in
1821 4235 1884 4302 Se-

256 4336 363 4402 sciaco
392 4335 599 4402 adolescebat
628 4337 753 4420 gratiae
785 4337 906 4404 fructus
938 4340 979 4406 de
1005 4340 1095 4406 verbi
1118 4340 1239 4406 semine
1261 4339 1406 4424 genitus,
1439 4346 1475 4405 ut
1496 4337 1608 4404 lanum
1629 4339 1754 4422 profani
1777 4341 1882 4406 cultus

255 4440 374 4525 ereptis
397 4440 579 4506 hominibus
604 4442 812 4528 deputaretur
834 4443 1002 4529 pecoribus
1026 4450 1057 4510 et
1078 4444 1262 4509 insensatus
1284 4444 1372 4508 locus
1394 4441 1484 4508 tieret
1505 4442 1694 4508 animalium
1716 4444 1878 4510 clausura.

260 4544 320 4628 (32)
347 4543 511 4628 Spelunca
542 4564 616 4609 vero
647 4547 721 4629 quia
753 4554 784 4611 et
813 4547 896 4612 tales
927 4548 1054 4613 accolas
1085 4547 1229 4632 excepit,
1261 4551 1385 4611 tantum
1408 4545 1512 4628 coepit
1533 4544 1653 4612 nobilis
1674 4545 1761 4612 doris
1783 4545 1881 4614 odore

344 4805 374 4855 rs
396 4804 470 4854 uum.
492 4805 535 4868 ao,
557 4804 596 4855 rr.

342 5048 352 5095 i
375 5045 489 5115 iteranti]
508 5051 524 5099 ι’.
547 5065 570 5111 q.
591 5050 721 5097 itineranti
856 5047 871 5096 2
890 5052 938 5109 que
959 5047 981 5095 P
1114 5049 1128 5099 7
1147 5050 1289 5099 uultheuus
1308 5050 1339 5112 a,
1360 5049 1481 5098 uuitheue
1499 5050 1589 5098 Suriae
1702 5049 1810 5120 ieiunia]
1829 5066 1883 5101 sera

255 5134 314 5183 add.
335 5135 399 5183 Boii.
560 5134 670 5184 8dilata
689 5134 755 5183 Mai.
777 5136 793 5182 2
810 5140 834 5183 et
852 5136 920 5184 Boii.
1078 5143 1204 5186 momento
1223 5137 1246 5184 Ρ
1402 5135 1432 5185 12
1450 5132 1593 5203 aeternum]
1610 5137 1679 5184 uitae
1698 5137 1755 5188 edd.
1778 5136 1846 5191 Mub.
1866 5141 1883 5189 2

256 5220 287 5270 ll
306 5221 380 5268 abbas
399 5235 484 5270 eorum
503 5236 638 5282 generosus
659 5222 689 5284 Z,
709 5235 845 5282 generosus
863 5235 910 5269 om.
935 5222 954 5268 Υ
970 5235 1026 5270 cum
1045 5222 1112 5272 Mat.
1136 5227 1147 5270 1
1284 5221 1317 5272 26
1335 5224 1455 5284 temporis
1472 5221 1580 5283 rhythmo
1598 5226 1701 5287 emtum,
1719 5238 1766 5287 per
1782 5229 1883 5288 tempus

255 5309 349 5369 quletis
369 5307 435 5358 Mul.
457 5309 473 5356 2
607 5308 640 5358 30
659 5323 687 5358 se
706 5305 843 5374 fraudaret]
862 5309 1021 5357 defraudaret
1039 5307 1106 5357 Mub.
1126 5311 1143 5358 2
1246 5313 1420 5359 construxerat
1438 5307 1502 5360 Mul.
1526 5309 1541 5356 2
1559 5313 1582 5357 et
1599 5309 1666 5358 Bell.
1772 5309 1884 5379 uicibus]

254 5394 289 5455 es.
310 5408 387 5442 cona.
407 5395 431 5456 1,
454 5398 494 5456 16,
515 5396 548 5444 ³5
663 5393 695 5443 32
714 5396 843 5443 leontiano
861 5394 913 5456 sere
933 5395 964 5458 Ρ,
984 5397 1140 5444 leontiniauo
1161 5395 1182 5443 Ζ
1295 5394 1327 5445 33
1347 5410 1421 5459 quem
1438 5422 1474 5460 ,-
1491 5393 1525 5443 34
1542 5391 1669 5462 permisit]
1687 5397 1815 5458 praelatus
1832 5398 1883 5446 lta·

253 5495 302 5543 que
326 5481 402 5528 abbas
420 5494 477 5528 curn
495 5485 628 5541 paternum
647 5482 764 5528 omnibus
782 5482 901 5530 tratribus
920 5486 946 5530 et
966 5482 1053 5530 mundi
1071 5483 1230 5547 principibus
1248 5483 1310 5532 satis
1328 5481 1528 5532 commendasset
1546 5486 1573 5530 et
1589 5483 1617 5529 ln
1636 5482 1722 5530 eodem
1740 5496 1789 5545 quo
1807 5483 1884 5545 dege·

253 5568 296 5615 bat
315 5568 365 5616 loco
383 5568 565 5629 confirmasset,
586 5572 640 5616 tum
659 5567 826 5615 scubillonem
844 5566 875 5616 ad
894 5570 1073 5617 monasterium
1092 5569 1173 5617 redire
1190 5570 1319 5631 praecepit
1336 5573 1363 5617 et
1379 5569 1406 5616 in
1425 5569 1552 5630 aliquibus
1570 5573 1708 5617 correetum
1725 5574 1784 5633 post
1801 5571 1883 5620 modi·

254 5668 311 5703 cum
329 5658 433 5715 tempus
451 5653 482 5702 ad
499 5654 601 5703 tratrem
619 5659 751 5716 paternum
769 5652 850 5702 redire
867 5654 983 5717 permisit
1000 5653 1020 5703 I
1122 5653 1155 5706 36
1172 5656 1265 5718 quibus
1283 5682 1318 5692 —
1333 5670 1360 5716 p.
1379 5653 1422 5716 33,
1436 5653 1469 5704 40
1487 5669 1563 5718 quam
1581 5651 1700 5722 corporis]
1718 5669 1766 5705 em.
1782 5655 1849 5707 Mod.
1866 5661 1880 5706 1

254 5740 285 5790 37
305 5735 345 5805 ut]
364 5741 390 5788 in
408 5739 467 5789 edd.
489 5740 511 5787 P
614 5739 648 5790 39
666 5736 776 5808 tautum]
793 5743 888 5804 scripsi,
910 5746 995 5790 tamen
1014 5742 1044 5806 P,
1064 5746 1114 5790 tam
1132 5742 1234 5806 simius,
1253 5743 1329 5791 ettam
1348 5741 1415 5792 Mob.
1436 5743 1453 5790 2
1556 5742 1653 5790 nobiles
1671 5743 1743 5791 liores
1761 5743 1785 5790 P

1637 5842 1674 5894 δ’
