4374 6186
864 402 957 460 VITA
976 401 1091 459 BEATI
1109 403 1296 460 navemn.
1855 406 1896 469 93

267 597 373 662 rilium
398 596 572 680 gloriosum
595 594 771 660 antistitem
796 613 887 659 suum
911 601 986 678 post
1007 593 1178 678 septimum
1202 592 1413 678 depositionis
1435 613 1555 658 annum
1578 601 1736 659 mortuum
1759 592 1899 658 resusci-

266 701 382 766 taverit
405 719 548 783 puerum,
576 699 656 764 satis
680 698 811 763 credere
833 715 1015 782 possumus,
1042 715 1121 763 sane
1143 698 1237 762 beato
1260 703 1398 762 testante
1421 716 1507 780 papa
1523 696 1695 779 Gregorio:
1724 697 1810 759 Fides
1837 716 1898 758 reon

266 805 354 866 babet
384 807 541 879 meritum,
574 805 625 865 cui
645 802 782 864 trrnroue
805 804 884 863 ratio
904 801 1029 882 praebet
1051 804 1305 882 cooperimentum.
1359 803 1419 882 (75)
1446 799 1636 864 Miraculum
1659 818 1735 882 ergo
1757 798 1811 881 qui
1833 817 1897 863 non

266 907 353 972 istud
383 906 473 972 firme
503 903 692 983 crediderit,
728 902 812 987 quod
840 903 875 967 in
905 902 1026 968 sanctis
1049 909 1081 968 et
1103 922 1161 987 per
1183 908 1310 969 sanctos
1333 922 1409 968 suos
1431 902 1498 967 alia
1518 901 1621 967 multa
1643 920 1726 984 quae
1749 906 1782 967 et
1803 919 1899 986 prae-

234 1033 246 1071 ε,
265 1010 413 1075 misimus
436 1008 584 1073 dominus
606 1006 732 1090 operari
755 1006 908 1088 dignatus
931 1007 973 1071 sit
996 1024 1123 1091 semper
1144 1013 1177 1071 et
1199 1014 1357 1090 operetur,
1383 1025 1585 1089 nequequam
1610 1004 1740 1071 credere
1763 1004 1895 1070 valebit.

356 1114 419 1193 (76)
447 1110 658 1176 Beatissimus
680 1108 779 1193 igitur
793 1109 972 1190 Mamilius,
999 1109 1128 1194 expleto
1150 1116 1283 1176 sanctae
1306 1108 1553 1195 sollempnitatis
1575 1108 1725 1193 capitello
1747 1107 1899 1191 obituque

265 1215 357 1300 pueri
379 1215 435 1297 qui
458 1215 582 1296 absque
605 1212 787 1279 carismatis
809 1211 892 1277 dono
916 1218 1101 1278 excesserat
1121 1212 1326 1296 percognita,
1360 1219 1460 1277 totum
1483 1211 1518 1276 id
1541 1232 1619 1278 suae
1642 1210 1818 1276 desitudini
1841 1210 1898 1276 de-

265 1317 391 1404 putavit
419 1316 561 1383 lacrimis
589 1317 689 1381 multo
719 1321 863 1400 tempore
892 1313 1190 1381 inremediabilibus
1220 1335 1299 1381 suae
1329 1315 1457 1399 eulpam
1487 1316 1604 1398 lugens
1626 1313 1895 1380 inoboedientiae.

266 1422 327 1487 Cui
357 1441 430 1486 curn
459 1439 520 1485 neo
547 1419 611 1486 ista
640 1418 841 1499 sufficerent,
875 1417 930 1484 diu
959 1417 1158 1500 multumque
1185 1418 1264 1500 quid
1293 1423 1405 1501 ageret
1431 1437 1538 1484 secum
1563 1418 1668 1484 auimo
1692 1418 1894 1497 colluctante,

218 1545 245 1584 ro
265 1524 396 1590 tandem
426 1522 583 1607 repperit,
617 1522 705 1606 quod
726 1521 809 1587 inter
831 1520 979 1586 concives
1001 1527 1110 1585 mutae
1133 1521 1359 1605 neglegentiae
1381 1521 1544 1605 piaculum
1567 1522 1662 1606 plene
1686 1519 1818 1604 expiare
1841 1539 1899 1584 ue-

265 1627 385 1709 quiret,
420 1626 453 1690 ni
484 1625 659 1708 singularis
682 1624 813 1708 elapsus
836 1623 974 1707 patriam
998 1623 1159 1707 propriam
1183 1623 1333 1707 civesque
1356 1624 1561 1706 relinqueret.
1615 1627 1674 1707 (77)
1702 1622 1777 1688 Tali
1799 1623 1898 1706 igitur

265 1736 391 1813 reperto
421 1729 571 1810 consilio,
605 1728 729 1794 occulte
759 1725 876 1792 exinde
907 1734 1010 1792 semet
1039 1726 1146 1811 ipsum
1176 1726 1295 1811 eripuit
1316 1746 1357 1793 ex
1381 1733 1563 1792 sanctorum
1587 1725 1748 1809 reliquiis,
1783 1725 1899 1808 quibus

266 1839 379 1897 sancta
394 1830 636 1897 Andecavensis
659 1837 763 1895 mater
784 1829 923 1894 ecclesia
946 1828 1167 1909 decorabatur,
1195 1848 1303 1895 secum
1327 1831 1436 1895 claves
1458 1835 1645 1914 exportans.
1685 1828 1765 1894 Cum
1788 1835 1897 1894 autem

267 1934 467 2019 pervenisset
495 1934 538 1998 ad
567 1953 672 2012 mare,
708 1931 818 1998 divina
846 1931 1075 2016 omnipotentis
1105 1932 1157 1998 dei
1188 1933 1376 2017 providente
1406 1931 1578 1998 clementia
1608 1931 1664 2014 qui
1693 1932 1845 1997 manebat
1866 1931 1898 1995 in

218 2059 247 2099 ra
266 2037 358 2103 litore
382 2037 468 2102 diem
491 2036 645 2102 transitus
669 2035 719 2100 sui
742 2033 889 2100 exaravit
910 2033 943 2099 in
967 2035 1074 2119 lapide
1097 2035 1205 2118 sicque
1228 2055 1366 2102 ascensa
1387 2037 1491 2121 puppi
1513 2035 1655 2101 inchoati
1677 2035 1801 2101 itineris
1825 2054 1899 2100 coe-

266 2140 314 2223 pit
343 2145 517 2204 maturator
546 2138 695 2205 existere.
749 2139 808 2220 (78)
836 2136 980 2219 Cumque
1004 2139 1215 2223 processisset
1237 2138 1271 2202 in
1293 2139 1394 2204 altum
1421 2146 1453 2204 et
1473 2158 1575 2222 quare
1598 2137 1806 2221 reliquiarum
1830 2138 1897 2202 cla-

266 2262 324 2307 ves
354 2262 462 2307 secum
493 2240 644 2306 detulerit
673 2241 846 2324 cogitaret,
877 2240 1051 2307 insidiante
1082 2241 1213 2306 humani
1235 2242 1365 2326 generis
1388 2241 1531 2323 inimico,
1567 2249 1601 2307 ut
1623 2241 1766 2306 dolorem
1789 2248 1898 2306 sancto

266 2346 335 2411 viro
364 2364 462 2430 super
490 2346 631 2411 dolorem
660 2345 853 2429 imponeret,
888 2353 1019 2430 repente
1051 2346 1162 2410 claves
1191 2344 1232 2410 de
1262 2345 1410 2411 manibus
1439 2346 1571 2431 elapsae
1595 2345 1844 2428 submerguntur
1865 2343 1898 2407 in

267 2469 416 2531 aequore.
459 2449 549 2513 'Punc
571 2467 642 2512 eum
666 2447 807 2513 lacrimis
830 2446 865 2511 id
887 2446 988 2513 sertru
1010 2449 1209 2514 exclamasse
1232 2448 1409 2530 Maurilius,
1435 2448 1522 2533 quod
1546 2453 1659 2532 postea
1681 2446 1728 2512 rei
1750 2446 1900 2530 probarit

217 2570 247 2612 ro
268 2559 418 2617 eventus:
458 2551 549 2630 Nisi,
582 2550 703 2634 inquit,
736 2550 796 2615 has
824 2550 938 2615 iterum
969 2551 1078 2616 claves
1105 2550 1217 2616 videre
1247 2571 1410 2632 meruero,
1444 2551 1582 2637 patriam
1613 2551 1787 2633 urbemque
1815 2570 1899 2615 nun-

150 2720 154 2727 „
266 2675 360 2737 quam
385 2661 528 2740 repetam
550 2674 646 2737 quam
670 2652 802 2736 effugio.
854 2654 916 2736 (79)
944 2654 1148 2719 Transmisso
1170 2654 1270 2737 igitur
1293 2654 1385 2736 mari,
1411 2675 1473 2738 quo
1496 2654 1567 2738 quis
1591 2661 1677 2720 esset
1699 2653 1899 2719 abscondere

266 2757 431 2840 potuisset,
460 2763 581 2822 mutato
603 2756 714 2821 habitu
738 2755 794 2820 uni
816 2755 956 2838 regionis
979 2755 1158 2841 principum
1181 2756 1342 2838 adhaesit,
1370 2756 1534 2841 protessus
1557 2776 1593 2822 se
1615 2756 1792 2822 ortolanum
1816 2754 1894 2835 lore,

267 2859 416 2940 quatinus
439 2879 553 2945 corpus
575 2857 661 2943 quod
683 2858 829 2938 ieiuniis,
863 2858 986 2941 vigiliis
1009 2865 1042 2924 et
1063 2859 1261 2925 orationibus
1284 2861 1446 2944 castigare
1468 2860 1673 2941 decreverat,
1707 2879 1748 2923 ne
1770 2877 1811 2923 ex
1833 2864 1898 2924 toto

267 2962 404 3028 deficere
427 2964 593 3047 potuisset,
620 2962 748 3046 proprio
770 2962 881 3026 labore
904 2961 1058 3046 pavisset.
1110 2964 1172 3046 (80)
1200 2963 1262 3040 Qui
1286 2982 1358 3029 oum
1380 2963 1439 3029 tali
1461 2963 1690 3048 praeficeretur
1707 2961 1893 3040 ministerio,

216 3085 247 3127 rc
266 3072 388 3132 tantam
418 3066 543 3152 copiam
572 3066 643 3131 eius
671 3065 792 3130 meritis
822 3063 969 3129 dominus
999 3064 1163 3130 holeribus
1193 3065 1307 3147 dabat,
1343 3073 1379 3131 ut
1406 3073 1438 3132 et
1467 3065 1615 3132 omnibus
1645 3065 1897 3148 quibuscumque

266 3188 400 3235 neeesse
428 3169 534 3235 fuerat
563 3188 603 3233 ex
631 3167 754 3233 eisdem
785 3166 982 3233 sufficienter
1010 3167 1164 3233 tribueret
1192 3174 1225 3233 et
1255 3176 1363 3234 tamen
1392 3168 1504 3234 holera
1525 3189 1688 3251 nunquam
1711 3166 1895 3233 delicerent.

267 3272 358 3337 Vnde
381 3272 584 3357 perpluribus
607 3271 760 3355 placebat
782 3278 814 3335 et
836 3289 939 3355 paene
963 3270 1005 3334 ab
1028 3270 1175 3336 omnibus
1197 3272 1379 3337 amabatur.

359 3378 419 3455 itt)
451 3375 579 3441 Interea
608 3374 702 3460 plebs
730 3371 976 3439 Andecavorum
1007 3392 1025 3438 e
1053 3373 1190 3439 caelitus
1220 3374 1283 3438 sibi
1313 3374 1473 3458 quondam
1503 3375 1579 3440 dato
1608 3374 1742 3439 viduata
1769 3381 1898 3458 pastore

267 3497 329 3541 non
360 3477 490 3543 minimo
520 3498 639 3562 pavore
670 3476 857 3562 percellitur
885 3477 1069 3558 crebrisque
1097 3476 1274 3542 visionibus
1299 3478 1454 3557 minatur,
1487 3496 1643 3561 persaepe
1666 3476 1762 3542 etiam
1786 3476 1900 3542 admo-

217 3602 247 3640 :ro
267 3586 378 3659 netur,
411 3580 457 3646 nti
488 3580 649 3665 proprium
680 3587 840 3664 pastorem
869 3579 1117 3662 circumquaque
1140 3580 1377 3664 perquirerent,
1408 3580 1535 3663 nisique
1558 3580 1726 3645 Maurilius
1748 3579 1898 3645 inventus

268 3702 346 3748 suae
370 3683 557 3749 redderetur
578 3682 752 3759 ecelesiae,
782 3682 895 3747 urbem
918 3680 1127 3747 Andecavam
1150 3681 1218 3749 fore
1242 3682 1378 3757 celerius
1401 3683 1663 3748 subvertendam.
1715 3686 1776 3764 (82,
1805 3681 1896 3747 Vnde

267 3784 413 3850 eiusdem
440 3784 580 3867 regionis
610 3792 676 3850 tota
705 3783 857 3850 nobilitas
886 3783 946 3849 sed
976 3790 1008 3849 et
1036 3784 1180 3868 vulgaris
1210 3784 1401 3850 immensitas
1431 3785 1601 3852 collatione
1630 3785 1715 3850 facta
1742 3785 1896 3851 inunum

267 3907 385 3954 venere
408 3887 570 3953 decretum
594 3888 752 3970 eligentes
774 3906 793 3952 e
815 3886 1001 3952 concivibus
1023 3893 1172 3971 quattuor
1194 3887 1334 3954 diffusae
1350 3887 1477 3953 virtutis
1492 3907 1531 3953 ao
1545 3887 1623 3954 fidei
1638 3888 1734 3953 viros.
1774 3887 1897 3964 Quibus

266 3990 322 4074 qui
352 3991 526 4056 necessarii
556 3990 600 4056 ad
628 3991 710 4056 tanti
738 3989 862 4056 itineris
891 3997 984 4056 erant
1011 3990 1192 4076 supplenda
1214 3992 1360 4074 negotia,
1395 3993 1576 4077 sumptibus
1598 4011 1639 4058 ex
1662 3998 1735 4057 voto
1757 3992 1893 4073 collatis,

218 4116 248 4155 aa
267 4094 479 4178 praecipiunt,
498 4114 538 4159 ne
555 4113 705 4175 umquam
720 4101 963 4171 reverterentur,
984 4093 1018 4159 ni
1033 4093 1120 4178 prius
1135 4095 1298 4179 proprium
1314 4095 1513 4161 invenissent
1527 4102 1707 4178 patronum.
1752 4096 1812 4176 (83)
1834 4096 1897 4173 Qui

268 4195 368 4261 functi
391 4195 551 4279 legatione
575 4206 607 4260 et
629 4196 776 4262 devotius
798 4197 889 4262 iussa
911 4204 1085 4280 sequentes
1107 4198 1203 4263 urbes
1225 4217 1337 4264 omnes
1359 4198 1543 4283 oppidaque
1566 4198 1618 4264 vel
1641 4198 1729 4263 vicos
1751 4205 1896 4283 praeter-

266 4299 390 4382 legunt.
438 4299 595 4382 Omnique
625 4298 692 4365 fere
714 4301 843 4383 Europa
864 4299 1016 4380 circuita,
1049 4301 1185 4386 septimo
1209 4300 1340 4366 tandem
1361 4301 1395 4365 in
1417 4308 1526 4386 partes
1549 4301 1678 4366 Galliae
1701 4307 1897 4368 revertentes

267 4422 351 4467 anno
380 4409 412 4468 et
439 4401 570 4467 minime
600 4421 694 4484 quem
717 4403 915 4485 quaerebant
937 4403 1082 4485 invento,
1117 4403 1227 4469 divino
1250 4403 1348 4470 ductu
1370 4404 1414 4470 ad
1436 4412 1562 4488 portum
1584 4404 1697 4471 oceani
1720 4404 1818 4469 maris
1841 4405 1895 4488 qui

265 4505 301 4570 iu
322 4505 490 4571 Britannia
511 4505 755 4570 manetminori
778 4524 871 4571 cursu
894 4506 989 4572 avido
1012 4513 1243 4592 pervenerunt,
1278 4507 1430 4589 quatinus
1452 4507 1498 4573 cis
1521 4527 1610 4573 mare
1632 4527 1728 4591 quem
1750 4508 1894 4575 iuvenire

216 4629 248 4671 ro
266 4628 330 4674 non
357 4615 503 4694 poterant
530 4614 618 4672 trans
645 4628 733 4675 mare
762 4628 917 4691 quaerere
947 4609 1133 4676 niterentur.
1186 4611 1247 4693 (84)
1273 4610 1510 4676 Praestolantes
1533 4611 1632 4695 igitur
1659 4632 1791 4693 navem,
1824 4632 1896 4678 eum

267 4731 329 4795 qua
360 4719 505 4795 coeptum
534 4711 665 4795 explere
695 4712 841 4777 valerent
868 4713 1073 4796 obsequium,
1108 4711 1184 4778 dum
1213 4713 1392 4780 residerent
1420 4714 1454 4778 in
1482 4714 1593 4796 litore,
1627 4716 1781 4799 seriptum
1810 4715 1897 4798 quod

267 4834 364 4899 supra
398 4813 536 4879 diximus
567 4814 759 4879 invenerunt
786 4814 819 4878 in
848 4814 957 4881 silice:
995 4815 1056 4881 liic
1082 4815 1210 4882 transiit
1239 4815 1407 4882 Maurilius
1438 4817 1683 4883 Andecavorum
1711 4818 1894 4903 episcopus.

267 4916 315 4981 De
344 4924 410 4982 tam
441 4917 583 4983 evidenti
612 4918 711 5001 igitur
732 4918 859 4983 alacres
881 4918 989 4984 effecti
1012 4919 1124 4984 inditio
1146 4927 1236 4985 trans
1258 4928 1389 5003 pontum
1412 4920 1521 4986 abiere
1544 4921 1660 4986 securi.
1712 4923 1773 5003 (Sti
1800 4921 1896 4986 Haud

267 5019 362 5103 longe
391 5027 498 5086 autern
529 5019 637 5085 adbuc
668 5028 740 5085 acta
762 5020 881 5105 puppis
904 5041 924 5085 a
947 5021 1053 5102 litore,
1088 5042 1160 5088 eum
1183 5022 1266 5088 lenis
1287 5023 1417 5088 flatibus
1439 5028 1472 5088 et
1493 5024 1636 5107 pendulo
1659 5024 1731 5089 velo
1754 5043 1792 5089 ac
1815 5023 1895 5089 mari

354 5278 372 5326 2
392 5279 462 5339 (ircp.
485 5279 519 5328 M.
541 5281 603 5329 bom.
625 5283 651 5327 in
669 5294 756 5340 eounp.
780 5281 817 5337 11,
839 5281 872 5326 96
894 5281 995 5343 (llipnc,
1019 5282 1087 5330 Patr.
1108 5285 1152 5331 lut.
1173 5283 1291 5343 LXXVI,
1314 5285 1337 5345 9,
1355 5299 1383 5345 p.
1399 5285 1486 5343 1197).

354 5363 367 5409 i
388 5364 483 5425 Salpia.
504 5365 560 5414 See.
587 5366 612 5414 V.
634 5367 660 5414 S.
684 5365 787 5414 llertrut
806 5365 890 5428 Penes.
912 5369 929 5424 5
948 5370 979 5414 t:
1004 5373 1086 5416 totum
1104 5369 1130 5416 id
1148 5370 1317 5419 desuetudine
1339 5370 1493 5433 (desitudlne
1511 5369 1582 5420 codd.
1604 5370 1674 5430 dett.)
1695 5372 1759 5420 tantl
1778 5374 1896 5436 temporis

267 5450 441 5510 perdidissem.

355 5691 387 5741 29
405 5693 550 5755 procellitur
568 5692 591 5738 P
693 5692 726 5743 39
743 5693 882 5742 brittannia
903 5696 923 5741 (l
