4374 6186
844 405 938 463 vrrs
957 405 1094 463 sanem
1112 404 1251 461 111111.
1822 407 1863 468 29

234 603 268 667 in
298 601 357 666 hoe
387 621 483 686 opere
511 599 553 663 ad
581 619 674 665 aures
697 598 807 683 populi
830 597 935 661 minus
958 595 1080 678 aliquid
1103 594 1317 678 intellegibile
1339 593 1531 678 proferatur.
1584 594 1623 676 (9)
1651 593 1773 658 ldcireo
1796 600 1863 661 tota

235 704 456 769 mediocritate
480 709 647 768 contentus
669 702 730 767 etsi
752 702 870 766 relator
892 700 1019 784 ineptus
1041 707 1147 764 tamen
1174 700 1289 764 beatae
1312 697 1399 762 vitae
1421 696 1514 780 cupio
1538 703 1631 779 gesta
1651 696 1793 762 breviter
1813 697 1864 762 in-

235 809 365 873 timare:
400 814 547 892 superest
575 813 610 870 nt
639 806 695 888 qui
724 805 812 870 novit
842 825 892 869 me
922 803 1073 869 oboedire
1103 803 1208 887 magis
1241 823 1337 886 qnam
1368 820 1574 887 praesumere
1604 802 1675 886 ipse
1697 800 1863 868 fluctuanti

235 912 375 996 paginae
405 917 532 994 portum
558 930 637 975 suae
661 910 815 975 dexterae
839 907 1074 989 subministret,
1108 907 1162 990 qui
1185 907 1264 971 vivit
1286 913 1318 972 et
1340 912 1456 990 regnat
1478 905 1558 969 deus
1581 924 1639 989 per
1660 905 1768 970 omnia
1790 926 1864 972 sae-

204 1015 310 1080 acula
333 1016 544 1079 sacculorum.
592 1014 706 1078 Amen.

327 1119 386 1201 (111)
416 1117 650 1201 Religiosorum
680 1116 748 1181 vita
778 1115 917 1180 virorum
947 1121 1099 1197 quantum
1124 1120 1173 1179 est
1195 1112 1317 1178 meritis
1341 1112 1458 1178 clarior
1479 1119 1601 1178 tantum
1625 1133 1703 1178 voce
1726 1113 1866 1179 crebrior
1887 1116 1916 1180 V

236 1222 441 1306 populorum,
476 1221 552 1305 quia
575 1222 649 1285 dum
673 1220 740 1285 illis
763 1219 921 1284 universis
944 1217 1100 1284 beneficia
1124 1218 1244 1298 tribuit,
1271 1217 1304 1281 in
1327 1237 1418 1282 suam
1441 1216 1570 1282 laudem
1594 1217 1723 1301 linguas
1746 1219 1865 1287 excitat

236 1326 451 1408 singulorum,
485 1325 529 1390 ad
558 1324 645 1407 quod
672 1322 953 1408 perspicacissime
984 1321 1216 1406 propalandum
1246 1321 1313 1386 vita
1342 1322 1394 1386 vel
1424 1328 1517 1404 gesta
1546 1321 1725 1386 beatissimi
1754 1323 1865 1389 Albini

236 1428 436 1495 deducantur
458 1429 502 1494 ad
524 1428 676 1493 medium.
727 1430 789 1510 (11)
818 1426 919 1509 Igitur
941 1424 1078 1490 Albinus
1100 1425 1271 1509 episeopus
1295 1425 1466 1490 Veneticae
1489 1423 1630 1507 regionis
1653 1445 1771 1490 oceano
1794 1427 1865 1491 Bri-

187 1551 216 1592 11
235 1533 363 1598 tannico
387 1532 519 1598 confinis
541 1531 704 1614 indigena,
733 1550 795 1595 non
814 1529 940 1612 exiguis
960 1529 1147 1613 parentibus
1163 1528 1327 1605 oriundus,
1353 1528 1450 1592 immo
1466 1528 1557 1611 digni
1572 1528 1725 1611 germinis
1742 1530 1865 1614 dignis-

236 1636 318 1700 sima
348 1637 453 1719 proles
485 1653 671 1718 emergens,
705 1634 804 1699 decus
829 1632 914 1716 quod
938 1632 1073 1716 sumpsit
1096 1652 1136 1696 ex
1160 1651 1279 1714 genere
1302 1631 1405 1696 felicis
1427 1631 1513 1697 vitae
1536 1632 1659 1697 meritis
1683 1634 1860 1718 ampliavit,

236 1738 310 1802 dum
339 1738 373 1804 in
400 1740 457 1804 illo
486 1748 518 1805 et
547 1739 633 1821 quod
662 1738 856 1822 glorificaret
878 1736 1024 1801 Christus
1054 1737 1153 1818 elegit
1182 1742 1215 1801 et
1236 1735 1321 1818 quod
1345 1735 1513 1801 universus
1536 1718 1705 1801 veneretur
1726 1738 1864 1804 mundus

236 1843 366 1908 effulsit.
419 1846 480 1926 (12)
508 1841 571 1919 Qui
599 1842 684 1907 inter
713 1841 786 1926 ipsa
816 1840 963 1904 novellae
993 1840 1168 1905 iuventutis
1192 1839 1325 1904 exordia
1346 1846 1433 1904 tanto
1456 1839 1531 1905 fidei
1554 1839 1679 1906 fervore
1702 1840 1861 1925 flagravit,

236 1954 271 2012 ut
303 1954 454 2031 parentes
485 1946 527 2011 ad
556 1967 689 2030 quorum
720 1944 916 2009 desiderium
950 1944 1031 2008 solet
1061 1943 1198 2008 infantia
1228 1942 1417 2008 festinanter
1447 1963 1611 2009 recurrere
1640 1965 1696 2029 pro
1726 1946 1865 2013 karitate

187 2070 216 2111 15
237 2050 355 2116 Christi
387 2050 490 2133 magis
520 2050 580 2115 iste
602 2049 782 2113 voluntarie
804 2047 988 2130 reliquisset
1011 2053 1042 2111 et
1065 2048 1154 2111 velut
1175 2047 1284 2112 hostes
1307 2047 1434 2112 animae
1457 2047 1602 2112 carnales
1625 2049 1760 2114 affectus
1782 2051 1866 2116 effu-

237 2155 353 2236 gisset,
389 2153 523 2218 credens
553 2153 614 2217 sibi
645 2151 810 2231 sufficere,
845 2151 873 2215 si
901 2170 1026 2215 omnem
1051 2151 1253 2216 dilectionem
1275 2151 1309 2215 11
1333 2152 1401 2216 solo
1425 2150 1556 2217 caelesti
1578 2157 1668 2236 patre
1691 2153 1861 2236 plantaret.

241 2258 302 2339 (13)
331 2257 405 2321 Mox
427 2256 460 2320 in
475 2256 711 2321 'lincillacense
734 2254 926 2320 monasterio
948 2261 1039 2318 tanta
1062 2254 1161 2319 animi
1183 2254 1364 2319 humilitate
1388 2253 1517 2319 domino
1539 2256 1716 2339 placiturus
1736 2277 1772 2323 se
1788 2259 1865 2325 sub-

236 2361 332 2442 didit,
367 2366 402 2425 ut
430 2360 522 2425 salva
552 2380 672 2424 morum
702 2360 868 2425 honestate
899 2358 978 2423 nihil
1006 2358 1068 2423 sibi
1092 2358 1132 2423 de
1156 2357 1364 2441 ingenuitatis
1388 2357 1557 2442 privilegio
1581 2359 1775 2440 vindicaret,
1810 2362 1865 2427 ubi

235 2485 330 2547 quem
360 2463 449 2547 origo
477 2464 612 2529 liberum
642 2463 754 2546 genuit
784 2462 939 2527 famulum
963 2463 1110 2527 voluntas
1134 2461 1276 2541 addixit,
1310 2461 1504 2542 intellegens
1527 2462 1631 2546 magis
1654 2483 1727 2530 esse
1751 2464 1866 2530 lauda-

187 2585 217 2627 ro
238 2567 318 2648 bile,
352 2574 387 2633 ut
408 2587 517 2632 amore
541 2567 659 2633 Christi
681 2565 833 2630 nobilitas
856 2565 1026 2630 inclinaret
1047 2566 1132 2648 quod
1156 2573 1225 2631 erat
1247 2585 1343 2648 quam
1367 2584 1439 2629 cunr
1462 2564 1549 2630 fastu
1571 2575 1739 2648 quaereret
1761 2589 1865 2655 appa·

236 2689 305 2735 rere
327 2670 413 2752 quod
436 2691 499 2735 non
522 2677 601 2736 erat.

326 2776 388 2856 (11)
416 2774 608 2840 Proficiebat
630 2772 768 2856 denique
790 2772 824 2837 in
847 2793 885 2837 co
909 2771 1149 2838 exercitationis
1172 2756 1353 2838 cotidianae
1377 2791 1564 2857 processus,
1598 2773 1644 2838 ita
1667 2781 1701 2839 ut
1723 2776 1808 2842 ultra
1829 2795 1864 2844 se
1887 2776 1932 2841 VI

236 2897 364 2962 semper
384 2878 563 2943 ascendens
587 2876 708 2942 meritis
731 2896 794 2940 non
817 2876 958 2959 reliquos
980 2876 1132 2955 vinceret,
1160 2875 1219 2941 sed
1241 2876 1379 2942 edomito
1403 2895 1532 2961 corpore
1556 2876 1596 2942 de
1619 2896 1653 2942 sc
1672 2878 1744 2963 ipso
1759 2881 1866 2965 potius

237 2981 458 3067 triumpharet.
509 2986 571 3064 (15)
600 2981 679 3058 Quis
703 2980 787 3045 enim
811 2979 972 3065 expediet,
1000 3000 1096 3062 quam
1120 2980 1216 3045 fuerit
1232 2979 1264 3044 in
1280 2978 1471 3044 ieiuniorum
1488 2981 1643 3064 parcitate
1659 2985 1862 3069 praecipuus,

185 3085 269 3150 1111
291 3085 473 3169 vigiliarum
497 3084 709 3150 delectatione
732 3102 922 3168 propensus,
948 3083 981 3147 in
1004 3083 1156 3150 orationis
1180 3084 1371 3149 assiduitate
1392 3083 1577 3166 laudabilis,
1604 3086 1637 3150 in
1652 3086 1866 3156 miserationis

235 3208 331 3273 opere
362 3189 553 3271 singularis,
587 3195 622 3252 ut
650 3195 682 3252 et
711 3187 836 3252 hostem
865 3187 921 3270 qui
948 3188 1009 3252 sibi
1032 3188 1235 3272 repugnabat
1257 3188 1460 3271 extingueret
1482 3194 1514 3252 et
1537 3187 1622 3254 unde
1646 3210 1681 3256 se
1705 3193 1792 3257 solus
1815 3193 1865 3258 af-

235 3291 361 3375 fligeret
389 3292 511 3356 cunctis
541 3311 616 3376 spes
647 3290 788 3355 maxima
811 3290 1014 3356 subueniret?
1063 3293 1124 3374 (16)
1152 3292 1229 3355 Erat
1252 3291 1336 3356 enim
1359 3290 1402 3354 ad
1425 3291 1661 3359 oboediendum
1684 3303 1860 3381 promptus,

235 3395 277 3459 ad
306 3395 385 3459 vitia
414 3395 569 3460 calcanda
599 3402 759 3475 maturus,
792 3395 837 3459 ita
861 3401 895 3459 ut
917 3394 1042 3478 inipso
1064 3394 1199 3460 iuvenili
1222 3395 1378 3479 tyrocinio
1401 3395 1465 3459 iam
1488 3395 1621 3463 senibus
1644 3405 1732 3464 esset
1754 3421 1865 3467 exem-

236 3499 341 3582 plum,
369 3497 428 3562 hoc
451 3499 551 3562 solum
576 3498 699 3563 habens
722 3518 794 3563 cum
817 3497 946 3562 homine
969 3518 1136 3562 commune
1160 3499 1245 3581 quod
1268 3505 1362 3564 natus
1386 3507 1449 3579 est,
1478 3505 1617 3564 ceterum
1641 3508 1741 3567 totum
1764 3505 1865 3571 voluit

185 3622 215 3663 so
235 3621 308 3666 esse
324 3601 445 3666 Christi
467 3598 551 3684 quod
575 3601 664 3666 vixit.
719 3604 780 3683 (17)
807 3602 879 3666 Non
902 3602 1030 3666 oculum
1053 3602 1220 3686 voluptati,
1248 3622 1311 3666 non
1333 3622 1443 3666 aurem
1459 3603 1619 3686 ludibriis,
1645 3625 1708 3670 non
1723 3607 1864 3672 animum

235 3703 479 3769 accommodans
502 3705 643 3785 levitati,
671 3705 728 3770 sed
751 3725 878 3789 semper
901 3725 935 3771 se
961 3726 1077 3789 regens
1100 3706 1241 3770 anchora
1262 3706 1442 3790 gravitatis,
1468 3708 1567 3773 talem
1590 3728 1625 3773 sc
1648 3709 1731 3774 intra
1753 3731 1865 3776 mona-

236 3807 324 3872 sterii
353 3814 466 3891 saepta
495 3808 659 3892 tractavit,
693 3816 728 3873 ut
758 3809 809 3874 vel
839 3809 867 3873 si
897 3809 1025 3891 quando
1055 3808 1211 3895 processit
1240 3810 1282 3874 ad
1305 3810 1467 3894 publicum
1491 3818 1578 3877 esset
1598 3812 1682 3877 infra
1705 3832 1864 3879 carcerem

236 3909 286 3975 sui
310 3909 415 3975 cordis
439 3929 566 3993 semper
588 3910 742 3994 inclusus,
769 3931 828 3978 nec
851 3912 941 3977 aliud
964 3918 1055 3977 extra
1078 3932 1112 3979 se
1136 3912 1372 3998 respiciendum
1395 3914 1550 3999 praetulit
1572 3936 1668 3998 quam
1689 3915 1861 4002 Christum,

235 4034 329 4097 quem
351 4014 387 4078 in
411 4021 539 4098 pectore
563 4013 668 4080 fidelis
692 4016 824 4100 portitor
845 4016 1014 4081 baiulavit.

185 4139 215 4180 os
324 4118 386 4200 (18)
413 4118 472 4183 His
495 4117 594 4202 igitur
616 4119 732 4186 studiis
755 4127 927 4204 occupatus
951 4120 984 4185 in
1005 4127 1126 4186 tantam
1150 4120 1236 4186 vitae
1259 4121 1437 4187 claritatem
1460 4121 1621 4207 pervenit,
1653 4128 1688 4188 ut
1711 4122 1781 4188 eius
1805 4124 1863 4192 de·
1886 4123 1946 4189 VH

234 4228 339 4286 votum
365 4222 529 4286 servitium
552 4223 670 4287 mundo
693 4225 840 4289 dominus
863 4245 921 4309 per
943 4224 1098 4289 miracula
1121 4231 1302 4290 testaretur.
1351 4224 1499 4307 Denique
1522 4245 1593 4289 eum
1617 4227 1724 4292 adhuc
1747 4248 1865 4313 pueru-

234 4326 285 4390 lus
308 4346 365 4409 per
386 4346 507 4409 pagum
529 4327 563 4391 in
585 4326 713 4392 abbatis
736 4327 786 4392 sui
809 4326 1064 4412 proficisceretur
1087 4329 1294 4410 obsequium,
1325 4328 1509 4413 applicante
1532 4349 1570 4394 eo
1593 4329 1681 4414 apud
1704 4332 1864 4415 quendam

233 4436 323 4495 tanta
353 4429 497 4496 detonuit
527 4431 681 4496 violentia
706 4438 880 4515 tempestas
903 4439 1076 4515 tantusque
1099 4452 1134 4498 se
1158 4431 1310 4517 pluvialis
1334 4432 1436 4497 imber
1459 4431 1588 4509 effudit,
1623 4440 1658 4500 ut
1678 4434 1783 4519 ipsam
1807 4436 1866 4501 do-

235 4554 320 4597 mum
349 4553 408 4599 nee
439 4554 497 4598 sua
526 4539 610 4599 tecta
637 4533 858 4600 defenderent.
912 4538 973 4620 (19)
1001 4536 1080 4601 Cum
1104 4556 1181 4618 ergo
1205 4556 1284 4621 prae
1308 4532 1532 4619 magnitudine
1553 4536 1684 4620 pluviae
1707 4557 1784 4603 casa
1806 4558 1864 4623 pro

183 4657 214 4699 so
234 4656 347 4720 campo
377 4644 551 4717 constaret,
586 4637 775 4703 madefactis
805 4639 952 4705 omnibus
983 4640 1037 4722 qni
1067 4639 1180 4705 eodem
1203 4640 1395 4704 tenebantur
1416 4637 1571 4723 hospitio,
1608 4641 1711 4706 solum
1733 4641 1864 4707 beatum

234 4741 386 4805 Albinum
415 4748 491 4806 tunc
520 4741 622 4805 imber
650 4749 783 4825 tangere
813 4743 960 4827 expavit,
995 4743 1071 4825 quia
1094 4743 1148 4808 nbi
1171 4743 1333 4807 flammam
1355 4741 1432 4808 fidei
1455 4741 1556 4809 sensit
1579 4763 1619 4810 ne
1640 4743 1789 4810 iniuriam
1813 4744 1865 4811 fa-

235 4851 322 4909 ceret
349 4864 384 4909 se
413 4851 504 4927 gutta
533 4844 675 4910 detorsit.
729 4847 790 4928 (111)
818 4844 887 4923 Quo
919 4855 1086 4931 conperto,
1121 4845 1336 4914 conscientiae
1360 4846 1514 4912 sanctitas
1536 4868 1620 4931 quae
1643 4848 1809 4914 celabatur
1829 4848 1864 4913 in

233 4947 327 5012 annis
350 4947 487 5013 innotuit
508 4948 641 5027 meritis,
668 4969 706 5013 eo
730 4949 815 5031 quod
838 4950 871 5015 in
893 4949 970 5015 flore
993 4951 1232 5018 adolescentiae
1256 4950 1382 5017 virtutis
1405 4950 1503 5017 odore
1525 4950 1691 5034 fraglaret.

324 5054 385 5135 (21)
413 5051 537 5116 Dehine
567 5052 759 5118 caelestibus
789 5052 881 5118 donis
912 5074 984 5119 cum
1007 5060 1113 5120 aetate
1137 5053 1371 5134 crescentibus,
1407 5074 1561 5119 annorum
1584 5053 1709 5120 circiter
1730 5054 1862 5139 triginta
1883 5054 1961 5120 VlII

322 5379 332 5427 1
354 5377 438 5447 opere]
456 5382 655 5444 praecauendum
675 5387 715 5430 est
732 5382 792 5430 odd.
815 5383 905 5432 Sarius
1030 5382 1044 5432 3
1063 5398 1103 5432 me
1121 5411 1157 5420 -
1174 5380 1347 5451 praesumere]
1365 5384 1458 5432 mederi
1476 5385 1553 5443 magis
1573 5381 1664 5430 Sarius
1785 5384 1801 5433 1
1819 5385 1864 5447 qul

232 5493 267 5502 -
286 5465 300 5515 5
320 5464 407 5535 ausu]
425 5481 472 5516 om.
495 5469 593 5531 Sarius,
615 5483 739 5518 nxsnrcrr
757 5483 898 5519 naouonvs.
920 5483 1022 5519 rncrrrr
1040 5483 1103 5519 vrrs
1121 5470 1181 5519 odd.
1203 5471 1226 5518 Ε
1381 5466 1524 5537 61111111]
1544 5470 1572 5529 Ε,
1594 5469 1629 5530 cf,
1650 5459 1725 5519 rann.
1748 5471 1778 5531 Χ,
1800 5470 1862 5530 m

236 5553 265 5602 12
285 5550 431 5620 ueneratur]
452 5555 473 5600 11
579 5555 609 5605 lb
629 5557 817 5605 delectationem
837 5558 928 5606 Sarius
1035 5557 1065 5606 17
1085 5559 1253 5606 tincillsoensl
1272 5558 1302 5618 Ε,
1323 5557 1490 5606 cincillacensi
1510 5557 1606 5618 Sarius,
1628 5558 1685 5605 item
1698 5558 1768 5618 lnsra
1782 5572 1803 5607 c.
1819 5559 1860 5619 18,

233 5640 267 5701 cf.
288 5655 364 5689 eorm.
386 5641 433 5702 XI,
454 5643 494 5701 25,
518 5644 532 5689 7
683 5641 715 5691 28
733 5644 871 5692 iuuenibus
894 5644 915 5691 l'
1063 5643 1096 5694 36
1116 5643 1204 5692 mundi
1223 5643 1246 5690 E
1392 5642 1424 5691 12
1444 5645 1596 5692 conscientia
1614 5643 1754 5690 sanctitatis
1773 5642 1862 5692 Sarius

233 5728 265 5777 13
284 5723 412 5793 fraglaret]
432 5727 462 5788 11,
481 5726 515 5787 cs.
537 5742 613 5777 carm.
635 5729 670 5788 11,
692 5733 717 5787 1,
740 5730 773 5778 28
