4374 6186
904 450 909 459 ⁵
983 383 1187 440 calculavit

473 573 564 660 Opns
587 581 745 640 sacratum
769 573 939 655 construit,

389 697 419 737 ro
472 677 570 744 fidem
593 677 685 744 docet
706 678 928 763 baptismatis,

473 780 533 848 sed
553 781 752 848 audientium
776 782 915 847 caecitas

473 905 588 951 munus
611 885 739 970 repellit
760 884 902 952 seminis.

472 1094 616 1158 Instante
639 1111 730 1157 sacro
752 1091 896 1157 antistite

473 1216 580 1263 errore
601 1196 729 1282 plebem
754 1196 880 1261 solvere

473 1299 549 1365 dnm
572 1320 662 1386 spem
685 1299 799 1365 salutis
821 1298 957 1382 ingerit,

471 1410 629 1469 tormenta
651 1403 762 1469 mortis
783 1401 906 1468 incidit.

473 1611 615 1676 Tenetur
636 1630 657 1675 a
679 1608 854 1694 gentilibus

473 1713 592 1779 Christi
613 1714 746 1799 placens
768 1712 940 1794 altaribus,

472 1837 581 1883 amore
603 1824 713 1884 tantae
735 1817 858 1901 gloriae

472 1941 594 2007 poenas
616 1921 753 1987 libenter
774 1920 902 2007 excipit.

473 2128 578 2214 Vnum
600 2127 685 2212 quod
706 2128 756 2193 illi
778 2126 898 2211 defuit,

472 2252 529 2316 pro
551 2251 628 2316 rege
650 2232 734 2297 colla
755 2231 902 2297 tradidit:

471 2871 637 2954 Agnoscat
658 2891 751 2938 omne
773 2872 937 2937 saeculnm

472 2975 602 3042 venisse
624 2974 710 3040 vilae
733 2975 926 3061 praemium:

472 3086 545 3163 post
566 3079 666 3144 hostis
688 3080 796 3164 asperi
818 3078 928 3160 iugum

473 3182 624 3268 apparuit
644 3183 832 3268 redemptio.

474 3389 590 3457 Esaias
611 3410 694 3475 quae
717 3389 832 3456 eeeinit

475 3494 632 3580 completa
654 3494 782 3559 suntin
805 3493 947 3577 virgine,

474 3597 676 3665 annuntiavit
697 3599 852 3681 angelus,

475 3708 606 3768 sanctus
627 3701 764 3787 replevit
785 3701 927 3787 spiritus.

475 3908 578 3975 Maria
599 3916 710 3976 ventre
733 3908 872 3993 concipit

474 4012 566 4080 verbi
588 4012 693 4079 fidelis
715 4013 856 4094 semine,

475 4138 570 4200 quem
593 4124 679 4183 totns
701 4116 787 4182 orbis
809 4136 873 4182 non
896 4115 997 4201 capit,

475 4228 601 4307 portant
624 4220 755 4306 puellae
776 4218 911 4285 viscera.

475 4427 580 4495 Radix
602 4428 692 4494 lesse
713 4425 821 4492 floruit

1277 572 1480 641 dilectionem
1502 577 1641 661 pectoris

1276 678 1400 745 cervice
1421 698 1518 744 caesa
1539 680 1690 765 prodidit.

1276 882 1414 966 Magnus
1436 884 1588 951 sacerdos
1610 887 1665 968 qui
1687 888 1786 954 dabat

1275 986 1388 1071 templi
1410 996 1537 1055 sacrata
1559 1010 1707 1073 munera,

1276 1089 1348 1155 fuso
1371 1090 1465 1156 beato
1488 1092 1646 1176 sangnine

1276 1200 1325 1258 est
1347 1192 1450 1260 faetus
1473 1195 1543 1278 ipse
1565 1196 1706 1262 victima.

1275 1400 1367 1465 Felix
1390 1401 1444 1486 pio
1468 1400 1509 1469 de
1531 1404 1682 1487 vulnere,

1275 1524 1358 1586 quae
1381 1525 1486 1589 poena
1507 1508 1648 1590 palmam
1671 1511 1836 1594 praebuit!

1274 1607 1328 1689 qui
1350 1616 1450 1674 morte
1472 1618 1605 1676 mortem
1628 1613 1782 1696 conteris,

1274 1731 1358 1776 nnnc
1380 1732 1480 1796 regna
1502 1715 1585 1780 caeli
1608 1715 1768 1799 possides.

1274 1918 1386 1984 Gloria
1408 1919 1450 1986 sit
1472 1920 1532 1986 deo
1554 1922 1655 2007 patri,

1273 2023 1377 2106 gloria
1400 2025 1583 2108 unigenito,

1274 2147 1431 2192 unacum
1454 2137 1565 2195 saneto
1587 2130 1699 2214 spiritu

1273 2230 1306 2295 in
1329 2231 1525 2318 sempiterna
1547 2234 1688 2299 saecula.

1273 2871 1433 2955 Praesepe
1455 2871 1530 2956 poni
1552 2872 1683 2957 pertulit

1274 2974 1328 3057 qui
1350 2975 1432 3040 lueis
1454 2983 1564 3041 auctor
1586 2977 1706 3059 extitit,

1274 3097 1344 3142 cum
1368 3085 1459 3162 patre
1482 3079 1590 3144 caelos
1612 3080 1771 3164 condidit,

1274 3181 1335 3246 snb
1356 3189 1457 3248 matre
1479 3203 1603 3266 pannos
1625 3184 1739 3250 induit.

1275 3387 1396 3472 Legem
1419 3387 1508 3455 dedit
1528 3390 1584 3472 qni
1606 3393 1749 3475 saeculo,

1276 3491 1367 3557 cuius
1390 3492 1501 3559 decem
1524 3502 1696 3580 praecepta
1718 3506 1792 3562 sunt

1277 3595 1440 3678 dignando
1463 3595 1567 3663 factus
1589 3605 1638 3664 est
1661 3598 1754 3664 homo

1277 3700 1337 3764 sub
1359 3699 1442 3784 legis
1465 3721 1539 3768 esse
1561 3703 1699 3770 vinculo.

1276 3905 1380 3971 Adam
1403 3914 1496 3974 vetus
1518 3906 1604 3990 quod
1625 3908 1756 3995 polluit,

1276 4009 1381 4075 Adam
1402 4030 1504 4078 novus
1526 4011 1586 4077 hoc
1607 4012 1727 4096 abluit,

1276 4118 1403 4180 tumens
1425 4112 1510 4198 quod
1532 4113 1589 4180 ille
1612 4114 1726 4199 deicit,

1275 4214 1474 4282 humillimus
1495 4217 1547 4283 hic
1570 4217 1673 4302 erigit.

1276 4425 1346 4490 Iam
1368 4431 1446 4490 nata
1466 4424 1522 4490 lnx
1545 4432 1648 4493 estet
1669 4426 1776 4512 salus,

1194 4550 1224 4590 ao
1277 4527 1391 4611 fugata
1411 4548 1474 4595 nox
1496 4536 1529 4595 et
1551 4529 1636 4595 vieta
1657 4549 1759 4615 mors,

1278 4631 1385 4699 venite
1406 4639 1538 4718 gentes,
1565 4632 1702 4700 credite:

1279 4734 1374 4801 deum
1398 4735 1501 4801 Maria
1521 4737 1662 4821 protulit.

477 4539 509 4598 et
531 4531 623 4614 virga
644 4531 781 4596 fructum
804 4529 916 4596 edidit.

411 4657 424 4696 e
477 4634 618 4701 fecunda
639 4641 766 4719 partum
789 4632 919 4717 protulit

478 4746 509 4803 et
532 4738 622 4822 virgo
644 4743 747 4802 mater
767 4742 943 4821 permanet.

205 5254 212 5260 ¹
272 5195 371 5244 sitlonis
395 5191 592 5255 pulcherrimum
617 5188 648 5237 de
670 5189 720 5236 leto
742 5188 919 5248 gloriosisslmo
938 5195 1042 5250 martyre
1060 5189 1207 5252 composuit.
1245 5189 1272 5236 in
1292 5203 1340 5252 qno
1358 5194 1530 5237 commemorat
1548 5203 1605 5238 enm
1625 5206 1639 5238 a
1656 5188 1686 5239 B.
1705 5189 1834 5240 Clemente
1852 5194 1896 5241 de·

272 5284 408 5343 stinctum,
435 5280 501 5328 eleut
524 5278 550 5326 ln
569 5277 716 5325 Latlnornm
738 5276 837 5338 paglnls
861 5275 958 5324 didicit.
997 5276 1027 5324 de
1052 5277 1152 5326 natione
1176 5280 1260 5326 autem
1279 5275 1333 5324 elus
1352 5280 1377 5325 et
1395 5275 1549 5324 ordinatione
1567 5277 1725 5339 eplscopatns
1743 5279 1896 5326 mentionem

273 5383 322 5417 non
340 5369 408 5429 lacit,
430 5367 488 5428 qula
505 5365 608 5424 linguae
626 5375 728 5424 graecae
745 5363 848 5424 penltus
866 5376 957 5424 expers
975 5363 1025 5411 luit
1131 5361 1232 5412 13-16
1250 5376 1299 5414 orn.
1320 5362 1387 5411 Dan.
1495 5360 1528 5410 30
1546 5357 1621 5427 qnae]
1639 5364 1704 5426 qnod
1723 5363 1789 5412 Dea.

341 5455 390 5503 Vll
462 5453 591 5500 Fabricius
605 5454 673 5512 poet.
692 5449 774 5497 eccles.
791 5464 818 5510 p.
835 5453 894 5510 964,
915 5450 1161 5512 Brcwcrp.185ct
1179 5449 1257 5497 Laeti
1271 5464 1298 5510 p.
1314 5449 1364 5496 963
1386 5448 1473 5512 (Vm,
1494 5449 1530 5510 ³),
1551 5448 1642 5497 Daniel
1660 5450 1677 5495 1
1690 5463 1718 5510 p.
1734 5451 1784 5497 159
1801 5448 1836 5510 cs.
1858 5449 1898 5497 IV

269 5559 296 5606 p.
313 5545 363 5591 176
434 5539 560 5588 Fabricios
576 5537 653 5586 edidit
670 5539 733 5585 later
750 5539 861 5586 conatae
878 5536 935 5586 riori
947 5537 986 5600 11,
1006 5537 1111 5599 sortasse
1129 5534 1265 5585 secandum
1283 5535 1389 5583 codicem
1409 5533 1600 5597 Morbueermem,
1620 5535 1656 5597 cs.
1675 5542 1802 5584 cononem.
1820 5551 1848 5597 p.
1863 5538 1896 5586 dd

271 5631 379 5679 Brower.
399 5633 450 5676 not.
470 5643 495 5688 p.
513 5628 561 5674 194
674 5624 822 5674 Trttlcmiua
840 5627 866 5674 in
884 5626 997 5685 entctopo
1018 5624 1049 5688 (c.
1070 5639 1091 5673 a.
1112 5623 1145 5671 ed
1165 5625 1179 5670 1
1185 5623 1212 5686 V]
1234 5623 1306 5671 tuias
1324 5622 1408 5683 tymni
1427 5623 1526 5669 initiam
1544 5627 1572 5669 at
1589 5625 1663 5683 primi
1682 5625 1745 5670 later
1763 5624 1794 5668 76
1813 5620 1897 5682 adfert

274 5715 481 5778 les.1,16,1
589 5713 734 5761 deoneinlt
752 5711 880 5761 Fabricius
987 5711 1015 5760 ll
1035 5712 1133 5760 lrnctns
1151 5709 1279 5757 Fabricios
