4374 6186
257 429 297 490 78
561 420 754 477 OPVSCl'LA
772 419 966 476 VENANTIO
986 420 1212 478 FOR'I'VNATO
1232 417 1335 476 MALE
1354 420 1576 477 A'l'TRlBl'TA

257 612 430 679 decretum.
488 614 550 692 rto)
578 610 725 676 Vniuersi
754 630 891 693 namque
919 611 972 694 qui
1001 611 1136 677 aderant
1166 611 1295 676 beatum
1327 612 1502 676 Leobinum
1533 632 1596 677 non
1625 614 1730 679 solum
1765 632 1787 676 a
1822 631 1911 695 rege

256 715 314 781 sed
337 737 356 779 a
379 715 439 780 deo
463 734 535 780 esse
559 714 695 779 electum
718 713 819 779 alacri
842 713 936 779 corde
959 715 1117 779 laetantes
1141 734 1279 780 consono
1302 735 1356 780 oro
1379 722 1411 781 et
1433 716 1582 782 concordi
1597 723 1668 783 roto
1684 716 1910 782 conclamare

256 826 430 903 coeperunt
458 838 531 884 eum
561 817 715 882 cathedra
743 817 919 901 episcopali
943 817 976 883 in
1006 818 1207 883 successione
1235 818 1335 884 affore
1365 817 1509 900 dignum.
1563 821 1622 903 (46)
1650 819 1688 883 In
1719 819 1786 884 hae
1819 838 1910 902 ergo

256 922 413 987 eloctione
444 942 514 986 cum
546 919 714 985 universus
744 920 937 985 consentiret
964 922 1117 1005 populus,
1152 919 1237 1003 quod
1260 942 1323 986 non
1345 921 1467 1004 absque
1490 922 1591 988 livore
1614 921 1760 987 invidiae
1784 928 1908 987 actum

256 1044 328 1090 csse
351 1024 521 1104 credimus,
548 1023 679 1107 quidam
702 1022 922 1106 cpiscoporum
947 1031 1119 1107 coeperunt
1141 1024 1289 1089 resistere
1313 1031 1345 1089 et
1360 1024 1577 1091 contradicere
1593 1025 1663 1091 cius
1677 1024 1903 1105 ordinationi,
1930 1041 1945 1079 ⁵

256 1128 402 1210 eoquod
425 1127 554 1193 modica
576 1147 652 1210 pars
676 1127 764 1191 naris
787 1126 946 1208 quondam
969 1127 1173 1191 incumbente
1197 1127 1302 1192 canori
1325 1127 1527 1210 aegritudine
1546 1128 1694 1194 mutilata
1708 1128 1904 1194 videretur

256 1230 322 1296 Sed
345 1252 422 1296 uoce
445 1231 586 1297 omnium
610 1230 802 1295 unanimiter
825 1229 1091 1294 conclamantium
1114 1250 1269 1314 oppressa
1289 1229 1433 1295 invidiae
1456 1230 1600 1297 illatione
1623 1238 1656 1297 et
1676 1230 1811 1315 penitus
1829 1231 1908 1297 fru-

257 1340 374 1414 strata,
407 1334 456 1398 uir
485 1339 616 1399 sanctus
640 1333 816 1398 secundum
840 1332 893 1397 dei
916 1331 1189 1417 dispensationem
1212 1340 1244 1398 et
1266 1333 1376 1417 populi
1398 1333 1586 1399 electionem
1609 1332 1814 1400 ordinandus
1841 1333 1907 1398 de-

255 1438 403 1502 cernitur.

176 1545 237 1610 XV
351 1543 413 1624 (rt)
439 1541 568 1605 Interea
596 1539 727 1621 quidam
756 1538 884 1603 illorum
912 1538 1050 1603 scientes
1072 1539 1201 1604 beatum
1225 1540 1402 1604 Leobinum
1425 1539 1467 1603 ad
1489 1540 1694 1624 episcopatus
1715 1559 1781 1603 non
1806 1540 1905 1606 velle
1932 1560 1963 1601 ro

256 1644 473 1710 conscendere
498 1642 700 1725 dignitatem,
728 1641 860 1707 oonsilio
882 1641 961 1706 inito
984 1641 1139 1707 miserunt
1160 1640 1202 1706 ad
1225 1662 1308 1723 eum,
1337 1649 1371 1707 ut
1393 1642 1533 1725 aliquem
1556 1642 1596 1707 de
1612 1642 1679 1707 suis
1693 1642 1904 1707 monachum

256 1746 433 1832 pontificali
456 1744 561 1810 infula
583 1745 715 1828 dignum
739 1745 786 1809 eis
809 1744 1041 1810 transmitteret
1061 1744 1285 1810 ordinandum.
1337 1747 1399 1826 (48,
1426 1746 1469 1809 At
1489 1745 1546 1810 ille
1568 1745 1704 1810 libenter
1719 1744 1902 1810 confestim

256 1870 366 1916 eorum
398 1848 491 1922 dictis
515 1849 740 1931 obtemperans
764 1848 897 1931 deputat
919 1867 1017 1911 unum
1040 1867 1080 1912 ex
1104 1847 1170 1911 suis
1194 1846 1362 1932 discipulis
1385 1855 1492 1913 tantae
1516 1846 1708 1913 ordinationi
1729 1846 1904 1913 invehen-

257 1953 344 2032 dum,
371 1952 533 2016 instruens
556 1958 587 2014 et
611 1949 740 2031 docens,
766 1950 904 2031 qualiter
927 1970 961 2014 se
985 1951 1017 2014 in
1040 1950 1195 2033 regimine
1219 1970 1315 2033 agere
1339 1950 1472 2016 deberet
1493 1959 1526 2016 et
1547 1951 1580 2015 in
1600 1949 1780 2015 sanctitatis
1796 1950 1903 2034 apice

257 2055 420 2122 exhibere.
469 2053 534 2119 Sed
565 2053 665 2118 frater
692 2053 805 2117 nolens
837 2053 926 2117 solus
950 2053 1019 2118 sino
1042 2053 1171 2118 abbatis
1193 2053 1243 2118 sui
1266 2053 1450 2138 praesentia
1471 2053 1520 2117 illi
1543 2053 1677 2119 concilio
1699 2072 1897 2136 properare,
1929 2079 1963 2118 rs

256 2159 373 2225 obnixe
396 2157 572 2242 postulavit
593 2176 684 2235 eum,
711 2163 746 2219 ut
769 2175 840 2220 curn
863 2155 933 2240 ipso
955 2156 1034 2222 illuc
1057 2156 1177 2240 pariter
1199 2163 1358 2241 pergeret.
1411 2157 1471 2240 (49)
1499 2156 1641 2239 Surgens
1663 2155 1765 2238 igitur
1787 2175 1902 2222 senex

256 2262 418 2347 profectus
443 2267 492 2325 cst
514 2260 608 2324 simul
633 2267 665 2324 et
687 2258 834 2342 pervenit
850 2258 1006 2338 Carnotis,
1034 2259 1303 2341 quemadmodum
1327 2260 1368 2324 ab
1391 2279 1428 2324 eo
1451 2259 1556 2323 fuerat
1578 2258 1781 2342 deprecatus.
1832 2258 1902 2337 Qui

256 2386 327 2431 oum
350 2365 383 2429 in
406 2363 545 2446 quadam
568 2363 735 2427 mansione
758 2361 973 2446 hospitaretur
996 2370 1028 2427 et
1050 2362 1185 2427 vidisset
1207 2371 1299 2428 nocte
1322 2363 1355 2427 in
1379 2363 1498 2428 somnis
1518 2362 1737 2445 pavimentum
1753 2361 1903 2427 nucibus

257 2477 409 2547 stratum,
440 2466 549 2531 divina
573 2472 607 2530 ut
630 2465 789 2531 credimus
812 2465 954 2531 iussione
977 2466 1008 2530 ei
1030 2466 1207 2530 iniunctum
1230 2474 1296 2546 est,
1325 2472 1483 2548 quatenus
1506 2464 1687 2530 emundatis
1710 2463 1806 2529 testis
1832 2485 1903 2530 nu-

256 2573 359 2637 cleum
383 2570 445 2636 sibi
467 2569 602 2635 nitidum
626 2574 813 2633 reservaret.
867 2572 927 2649 (50)
955 2569 1131 2633 Transaoto
1153 2568 1252 2651 igitur
1273 2569 1375 2634 noetis
1397 2575 1550 2652 tempore,
1577 2588 1648 2633 cum
1664 2569 1697 2632 in
1713 2566 1902 2632 crastinum
1926 2592 1963 2633 ao

257 2676 354 2742 vellet
377 2676 491 2740 offerre
514 2672 715 2752 monachum,
743 2678 778 2736 ut
800 2672 840 2735 ab
864 2691 902 2735 eo
925 2671 1120 2755 postulatum
1144 2670 1257 2751 fuerat,
1286 2671 1473 2756 episcopum
1496 2670 1707 2736 ordinandum
1730 2671 1902 2754 etpopuli

256 2798 430 2845 consensus
460 2797 523 2841 non
553 2795 625 2840 esse
656 2774 844 2839 decerneret
871 2773 1106 2856 recipiendum,
1139 2774 1225 2857 regis
1253 2774 1393 2840 edictum
1423 2774 1497 2839 ilico
1519 2774 1553 2838 in
1575 2773 1716 2839 medium
1740 2779 1790 2838 est
1815 2793 1902 2856 pro-

257 2883 355 2947 latum
386 2889 418 2946 et
447 2878 522 2945 inde
552 2877 733 2956 recitatum,
769 2875 853 2958 quod
884 2875 925 2939 ad
955 2876 1041 2957 regis
1070 2876 1240 2960 imperinm
1271 2885 1302 2942 et
1324 2877 1422 2942 totius
1445 2876 1556 2961 populi
1580 2883 1686 2942 votum
1711 2874 1899 2942 Leobinum

256 2989 415 3068 oporteret
443 2982 629 3065 episcopum
660 2978 885 3043 ordinandum.
944 2980 1005 3061 (51)
1040 2979 1114 3062 lpse
1142 2999 1218 3045 vero
1248 3000 1387 3045 renuens
1417 2988 1449 3046 ct
1477 2980 1644 3062 indignum
1675 2999 1710 3044 se
1738 2978 1901 3046 iudicans

256 3087 337 3152 tanti
361 3083 528 3168 regiminis
551 3084 715 3167 suscipere
739 3102 858 3162 curam,
886 3081 928 3146 ad
951 3081 1051 3166 pedes
1068 3082 1288 3167 episcoporum
1305 3091 1469 3167 porrectus
1485 3083 1676 3162 extenditur,
1704 3083 1901 3149 excusatio-
1924 3107 1960 3148 aa

257 3209 329 3254 uem
353 3205 519 3272 opponens
541 3185 624 3250 illud
646 3184 730 3267 quod
753 3184 960 3268 imponebant
981 3205 1042 3251 nec
1063 3185 1196 3270 implere
1219 3206 1313 3270 posse
1337 3206 1396 3251 nec
1418 3185 1571 3270 perficere
1587 3204 1676 3269 opus.
1730 3186 1792 3268 (52)
1824 3186 1899 3253 Sed

256 3290 488 3357 reluctantibus
517 3289 663 3353 omnibus
692 3296 790 3369 atque
814 3288 884 3354 eius
907 3289 1108 3354 excusationi
1130 3309 1193 3353 non
1215 3290 1515 3371 adquiescentibus,
1550 3288 1707 3353 somnium
1729 3289 1818 3369 quod
1844 3289 1900 3354 vi-

257 3394 348 3460 derat
370 3413 512 3475 congrua
535 3391 796 3475 interpretatione
820 3391 988 3472 conicitur,
1020 3389 1145 3457 scilicet
1166 3392 1252 3474 quod
1275 3412 1332 3476 per
1355 3393 1504 3457 nucleum
1527 3412 1548 3455 a
1570 3391 1637 3456 suis
1659 3389 1751 3455 testis
1775 3409 1899 3456 emun-

257 3495 367 3561 datum
391 3497 529 3580 populus
553 3495 701 3560 essetab
725 3513 763 3558 eo
786 3493 957 3577 regendus,
984 3495 1040 3577 qui
1064 3494 1211 3579 deposita
1233 3495 1318 3560 omni
1343 3494 1539 3560 austeritatis
1563 3493 1725 3575 rigiditate
1740 3492 1897 3574 quando-

257 3620 318 3683 que
356 3606 444 3665 esset
481 3618 538 3663 suo
574 3598 730 3681 regimine
765 3597 972 3680 corrigendus
1006 3603 1220 3680 nectareoque
1254 3598 1302 3662 sui
1338 3597 1498 3679 dogmatis
1532 3597 1651 3680 pabulo
1683 3596 1892 3663 nutriendus.
1921 3621 1957 3660 ao

260 3706 321 3787 (53)
350 3702 477 3768 Exinde
509 3702 578 3766 sine
608 3721 697 3766 mora
728 3699 956 3785 plaudentibus
979 3701 1111 3785 populis
1134 3720 1171 3765 ac
1194 3701 1254 3766 deo
1277 3702 1309 3765 in
1334 3701 1472 3766 excelsis
1495 3699 1651 3764 maximas
1674 3698 1896 3767 referentibus

256 3806 353 3888 odas,
387 3806 549 3872 Leobinus
578 3824 672 3885 quom
704 3804 787 3869 rotis
816 3803 963 3868 omnibus
986 3803 1193 3888 postulabant
1216 3804 1408 3869 Camotinae
1431 3803 1519 3868 urbis
1542 3803 1699 3868 ecclesiae
1721 3801 1896 3869 ordinatus

256 3911 439 3995 praeficitur
470 3908 640 3992 episcopus
668 3914 700 3972 et
728 3913 838 3972 contra
860 3906 980 3972 callida
1002 3906 1125 3990 antiqui
1148 3907 1250 3972 hostis
1274 3907 1532 3972 machinamenta
1554 3904 1756 3972 constituitur
1778 3912 1896 3988 pastor

256 4013 415 4097 egregius.
481 4013 543 4093 (54)
571 4009 632 4087 Qui
662 4015 775 4093 postea
804 4009 940 4096 rigorem
972 4009 1021 4074 sui
1054 4009 1210 4094 propositi
1238 4009 1457 4075 indeficienter
1487 4027 1618 4074 servans
1648 4008 1717 4074 sine
1748 4027 1895 4093 pompae

257 4115 468 4182 ostentatione
490 4113 682 4178 monachum
706 4132 742 4178 se
766 4118 800 4176 ut
822 4118 896 4177 ante
919 4111 1024 4176 fuerat
1047 4112 1080 4176 in
1096 4132 1153 4177 suo
1169 4113 1330 4197 proposito
1346 4111 1617 4198 perseverabilem
1633 4111 1891 4178 demonstrabat.
1920 4134 1957 4175 as

158 4219 235 4284 XVI
348 4220 410 4301 (55)
438 4217 596 4300 Suscepto
624 4215 722 4298 igitur
752 4214 927 4297 pontificali
958 4215 1140 4280 reverentia
1161 4215 1299 4298 qualiter
1322 4223 1517 4297 quantumve
1540 4233 1575 4279 se
1597 4214 1735 4297 gesserit
1754 4213 1788 4277 in
1812 4213 1895 4299 lege

257 4320 480 4386 mandatorum
504 4317 567 4399 dei,
594 4318 763 4383 vorborum
787 4316 954 4381 affluentia
976 4337 1039 4383 nou
1062 4317 1159 4382 facile
1183 4324 1232 4382 cst
1254 4317 1488 4383 disserendum.
1541 4319 1602 4399 (56)
1631 4317 1708 4381 Erat
1730 4315 1815 4380 enim
1840 4319 1896 4384 vir

256 4424 471 4508 apostolicus,
506 4419 770 4504 splendidissima
800 4419 901 4484 veluti
931 4418 1049 4485 ardens
1079 4420 1113 4484 in
1140 4420 1232 4485 domo
1255 4420 1375 4486 domini
1398 4421 1543 4500 lucerna,
1579 4439 1723 4485 sermone
1750 4400 1891 4501 nitidus,

258 4528 408 4610 dogmate
426 4522 687 4605 facundissimus,
713 4522 951 4606 praedicatione
967 4523 1127 4606 egregius,
1154 4530 1260 4589 mento
1275 4544 1418 4606 serenus,
1445 4523 1527 4587 mira
1543 4523 1698 4607 patientia
1712 4523 1891 4608 benignus,

256 4629 472 4715 parsimoniae
502 4626 617 4691 studiis
648 4646 776 4710 semper
805 4625 962 4703 intentus,
997 4625 1237 4691 misericordiae
1267 4627 1417 4710 operibus
1442 4625 1684 4705 devotissimus,
1718 4626 1897 4709 angelicae
1920 4649 1958 4691 so

257 4752 383 4816 quoque
411 4729 569 4796 castitatis
592 4728 730 4794 candore
753 4729 978 4813 supernivem
1002 4728 1173 4793 dealbatus
1196 4730 1400 4811 omniumque
1424 4729 1574 4794 virtutum
1599 4730 1691 4814 copia
1713 4728 1835 4794 ditatus
1862 4743 1899 4800 et

257 4834 411 4919 cuprepia
442 4832 610 4897 decoratus
639 4832 717 4897 rita.
764 4832 805 4896 Et
835 4838 871 4896 ut
899 4831 1085 4914 probaretur
1112 4850 1183 4897 esse
1207 4831 1259 4897 dei
1282 4832 1416 4913 amicus,
1443 4831 1549 4897 fidelis
1571 4852 1698 4916 quoque
1721 4851 1834 4897 servus
1861 4846 1897 4902 ct

257 4937 408 5023 prudens,
437 4935 603 5017 sequentia
627 4936 814 5000 reserabunt
836 4934 1002 4999 miracula.

343 5202 357 5245 :t
378 5195 448 5265 ergo]
468 5213 516 5246 om.
538 5198 560 5244 Ρ
727 5197 923 5245 lcontlterctur
943 5194 963 5252 Q
1120 5195 1233 5242 inuidiae
1252 5196 1331 5244 liuore
1352 5196 1373 5254 Q
1541 5192 1556 5243 8
1576 5192 1726 5261 secundum]
1745 5195 1780 5242 bio
1798 5209 1848 5246 scr.
1874 5202 1898 5258 Q

259 5285 286 5335 ll
308 5282 484 5341 ascenderet)
603 5281 632 5331 13
653 5278 696 5347 ox]
715 5280 788 5338 dell
894 5280 924 5328 15
944 5282 1050 5329 consilio
1068 5282 1234 5343 properatio
1341 5282 1370 5331 li
1391 5283 1421 5330 ab
1440 5278 1479 5346 eo]
1497 5295 1545 5330 om.
1563 5281 1601 5342 (0]
1713 5279 1743 5330 lS
1762 5280 1824 5329 dum
1847 5284 1893 5345 (P)

258 5371 289 5422 19
308 5366 447 5435 quatenns]
465 5368 552 5427 om.Q
674 5365 707 5415 20
726 5373 836 5428 tempore
856 5367 935 5414 noctis
955 5364 976 5423 O
1104 5365 1136 5414 22
1156 5368 1280 5428 prolatum
1298 5374 1337 5416 est
1355 5369 1381 5415 in
1400 5368 1511 5416 medium
1530 5366 1551 5424 Q
1679 5367 1710 5416 il
1729 5367 1898 5440 episcopum]

255 5457 340 5515 omo
447 5455 480 5504 25
499 5450 639 5520 porrectus]
657 5452 743 5511 ormo
847 5448 1007 5519 extenditur]
1025 5450 1161 5501 etcdd.P
1263 5452 1295 5503 rt
1314 5452 1538 5515 quiescentibusO
1643 5452 1675 5502 28
1694 5449 1749 5519 per]
1766 5455 1857 5514 anuo

256 5544 404 5600 testibusQ
521 5541 555 5591 29
573 5538 613 5607 eo]
632 5545 699 5590 esset
717 5539 829 5601 repeto
942 5540 986 5599 qui
1005 5565 1040 5573 -
1058 5538 1091 5586 30
1110 5535 1280 5605 corrigendus]
1299 5538 1384 5596 orreo
1497 5538 1632 5597 31qu
1750 5539 1782 5588 32
1801 5554 1899 5595 carno-

256 5628 358 5692 taueP
462 5628 494 5677 :33
513 5628 597 5677 callidi
616 5627 639 5673 P
743 5625 775 5673 35
794 5639 839 5688 per
857 5638 884 5673 se
904 5626 1073 5673 uenerabilem
1095 5624 1123 5684 (p
1230 5623 1262 5673 38
1282 5627 1308 5672 iu
1327 5626 1398 5673 domo
1416 5627 1504 5675 ardens
1522 5625 1659 5684 lucernrO
1765 5625 1799 5674 to
1818 5641 1898 5690 spur.

257 5717 376 5764 simoniae
398 5714 418 5772 0
523 5713 556 5762 42
576 5709 640 5779 uita]
659 5710 745 5769 om.O
851 5706 952 5775 seruus]
970 5723 1017 5758 om.
1035 5710 1056 5768 (l
