4374 6186
939 401 1141 461 APPENDIX.

566 595 713 679 supplico
735 615 786 661 me
809 597 932 661 recolas
953 595 1037 661 inter
1058 596 1112 681 pia
1134 595 1233 660 verba
1255 612 1412 672 sororum,

486 720 513 759 to
652 699 757 764 verius
782 707 817 765 ut
837 706 970 765 matrem
994 706 1025 764 te
1047 718 1121 764 mea
1142 704 1219 764 vota
1241 698 1391 782 probent:

566 801 713 866 omnibus
735 809 767 868 et
790 801 923 885 reliquis
944 809 976 868 ta
999 801 1241 867 commendante
1264 801 1430 871 reformor,

653 912 688 970 ut
710 925 767 991 per
789 925 846 971 vos
868 926 994 973 merear
1015 904 1100 989 quod
1122 924 1195 970 mea
1217 924 1315 969 causa
1337 910 1439 987 rogat.

976 1334 1105 1400 XXXII

567 1491 698 1556 Pectore
721 1511 803 1555 vena
825 1491 960 1571 loquax,
988 1488 1148 1554 mundano
1171 1489 1258 1554 culta
1280 1507 1393 1572 sapore

653 1593 742 1659 venit
764 1593 806 1658 ad
828 1601 976 1658 aeternos
999 1592 1110 1676 lingua
1133 1590 1267 1657 colenda
1289 1591 1398 1656 libros.
1429 1589 1437 1604 '

968 1867 1115 1933 XXXIII

565 2023 712 2088 Militiam
736 2041 914 2108 peragens,
943 2021 1074 2106 capiens
1095 2041 1180 2087 nova
1201 2022 1343 2106 praemia
1367 2021 1460 2104 regis.

970 2539 1110 2604 XXXIV

676 2678 733 2752 De
759 2678 967 2774 lllugnerico
993 2678 1212 2753 Treverensi
1240 2679 1405 2773 episeopo

564 2865 699 2931 Colman
722 2864 946 2947 honorificum,
973 2872 1097 2950 patrum
1121 2871 1227 2949 pater,
1255 2863 1513 2946 archisacerdos,

648 2968 830 3053 pontificale
853 2967 969 3050 decus,
995 2968 1179 3054 proficiente
1201 2967 1306 3052 gradu

562 3092 656 3155 quem
679 3070 755 3137 fidei
776 3071 889 3137 titulus
911 3071 1033 3138 meritis
1055 3071 1158 3137 erexit
1178 3072 1213 3136 in
1234 3072 1351 3152 altum

648 3174 868 3259 ecclesiaeque
890 3183 987 3261 caput
1009 3174 1218 3241 distribuente
1241 3173 1318 3256 deo,

376 3269 395 3280 ⁸
496 3301 509 3335 u
562 3276 719 3362 discipule
742 3277 883 3362 egregii,
910 3278 991 3344 bone
1014 3277 1212 3362 Magnerioe,
1239 3276 1362 3359 Niceti,

647 3381 784 3447 nominis
807 3381 951 3466 auspicio
974 3401 1089 3464 magne
1112 3380 1254 3447 canende
1276 3380 1341 3461 tui,

563 3485 649 3550 clarc
672 3505 763 3550 sacro
786 3485 898 3550 merito
921 3490 1008 3550 tanto
1031 3484 1221 3550 informante
1243 3483 1414 3566 magistro,

649 3607 743 3670 quem
766 3608 899 3674 reparas
921 3607 1052 3672 operum
1075 3587 1285 3653 fructificante
1308 3589 1394 3667 loco,

564 3690 671 3773 cuius,
698 3688 818 3774 opime,
846 3709 968 3772 sequax
991 3697 1102 3755 sancta
1124 3696 1157 3755 et
1178 3689 1316 3774 vestigia
1338 3709 1471 3755 servans

649 3793 708 3858 rite
731 3792 876 3859 minister
897 3812 999 3876 agens
1022 3812 1095 3858 ecce
1119 3792 1273 3876 magister
1293 3792 1373 3858 ades

563 3895 763 3978 auctorisque
787 3895 832 3980 pii
855 3914 1019 3961 successor
1041 3897 1159 3980 dignus
1181 3895 1311 3961 haberis

648 3997 839 4082 herodisque
862 3998 911 4064 sui
933 3997 1199 4083 frugiparensque
1222 4018 1344 4064 manos.

564 4102 664 4168 crevit
685 4109 756 4185 post
777 4100 897 4167 obitum
920 4106 1012 4186 pater
1034 4108 1066 4168 et
1087 4110 1118 4168 te
1141 4121 1283 4167 crescere
1305 4101 1396 4166 fecit:

650 4203 725 4270 dum
750 4205 835 4290 capit
856 4204 914 4271 ille
936 4205 1061 4290 polum,
1088 4212 1122 4271 tu
1145 4204 1234 4289 capis
1255 4224 1329 4270 arce
1352 4204 1466 4270 locum.

498 4331 510 4367 a
563 4328 643 4392 grex
664 4307 761 4374 alitur
782 4328 841 4393 per
861 4313 893 4374 te
916 4307 986 4374 vice
1007 4307 1238 4394 praecessoris,
1263 4308 1409 4390 alumno,

649 4431 709 4478 nec
730 4430 790 4478 sua
813 4411 932 4478 damna
954 4412 1055 4491 dolet,
1083 4412 1158 4477 dum
1180 4417 1237 4477 tua
1258 4411 1348 4477 lucra
1368 4417 1467 4476 tenet.

300 4757 326 4807 ll
348 4761 382 4806 sic
399 4758 508 4806 dicbus:
527 4757 556 4806 0.
571 4772 594 4805 a.
610 4773 629 4805 r.
648 4755 653 4824 1
669 4759 698 4806 Τ.
713 4775 735 4808 c.
751 4773 770 4806 r.
872 4758 1072 4806 conrnroudantcr
1089 4759 1194 4805 elornrar
1216 4761 1226 4805 1
1241 4775 1274 4808 m.
1364 4759 1487 4818 reliquum
1498 4759 1606 4817 mutuae
1617 4761 1725 4818 apetiam
1740 4759 1781 4819 (14
1794 4760 1846 4821 aa.)

228 4859 342 4894 occasun.
379 4859 395 4891 a
414 4845 434 4904 s.
456 4840 504 4892 59*
520 4844 594 4892 codex
612 4847 698 4906 Incipll
716 4845 826 4893 diversus

296 4931 396 4978 xxxu
415 4946 438 4979 a.
459 4930 491 4978 ud
510 4931 556 4988 IV,
578 4933 602 4989 5,
623 4936 639 4978 8

296 5017 412 5065 xxxin
430 5033 454 5065 v.
474 5016 572 5077 ‹1le,
592 5020 617 5076 6,
639 5020 671 5065 18

297 5103 405 5151 xxxiv
487 5117 585 5151 carmen
602 5106 654 5150 alae
671 5103 746 5152 datio
763 5104 898 5162 genuinam
915 5116 945 5150 eu
962 5106 1027 5150 vitae
1047 5101 1182 5163 maumas
1199 5103 1230 5151 nt
1249 5102 1375 5153 Etawlno
1393 5103 1480 5151 attale
1497 5105 1648 5164 conscriptae
1665 5103 1745 5151 codiee
1761 5117 1848 5151 mono·

227 5191 294 5237 alerii
311 5190 338 5238 S.
361 5190 464 5237 Mattiaci
481 5189 550 5251 apud
571 5190 686 5238 Treveros
702 5188 778 5237 edidit
796 5189 927 5237 Browema
947 5190 997 5249 111,
1016 5194 1045 5237 11
1065 5189 1103 5238 ed.
1122 5204 1173 5251 pn,
1194 5191 1245 5252 111,
1262 5192 1294 5238 13
1311 5189 1349 5238 cd.
1368 5205 1416 5238 see.
1435 5190 1516 5250 (lla.);
1536 5203 1566 5237 ex
1582 5187 1666 5238 eodem
1683 5188 1745 5236 libro
1766 5190 1846 5236 ‘vetu-

227 5276 346 5322 stissimo'
363 5277 504 5324 accuratius
521 5289 661 5336 cupressum
678 5279 713 5323 est
731 5278 758 5322 in
776 5275 831 5324 Act.
852 5276 939 5327 same.
961 5277 1012 5324 Iul.
1031 5276 1064 5323 VI
1078 5290 1104 5336 p.
1122 5278 1180 5338 191),
1201 5275 1236 5337 cf.
1255 5291 1279 5337 p.
1298 5278 1345 5324 183
1367 5276 1406 5336 (E)
1541 5277 1586 5323 vit.
1608 5273 1692 5334 Maon.
1712 5279 1729 5332 §¹
1748 5276 1782 5324 51)
1800 5288 1846 5323 uec

229 5367 311 5409 inostro
334 5363 382 5409 ists
405 5374 507 5410 necasse
530 5366 570 5409 ast
595 5362 625 5409 de
644 5374 673 5409 eo
691 5362 825 5422 approbare
843 5363 1002 5424 testimonla,
1028 5376 1085 5410 cum
1104 5362 1230 5411 ueridicus
1247 5358 1317 5428 [lile]
1334 5361 1366 5410 de
1384 5363 1429 5411 tall
1448 5361 1576 5410 sacerdote
1593 5367 1678 5410 unctor
1695 5361 1848 5408 Fortunatus

230 5449 333 5495 metrica
351 5448 388 5496 lta
406 5448 506 5496 scribit:
529 5448 627 5496 culmen
646 5462 670 5496 e.
683 5462 709 5509 q.
724 5445 754 5495 a.'
853 5447 869 5496 4
888 5449 1007 5497 eeclesiae
1025 5453 1100 5510 capnt
1112 5448 1135 5495 Ε
1231 5449 1406 5510 aruspicium
1424 5461 1514 5508 magne
1531 5447 1676 5496 uuendoE
1773 5447 1786 5494 7
1806 5448 1848 5494 in·

228 5535 330 5582 formata
344 5534 388 5581 Br.
494 5532 510 5581 a
532 5532 610 5591 ‘sorte
621 5532 713 5597 opima'
726 5533 844 5583 Bollund.
934 5531 1041 5600 aequor]
1059 5548 1134 5595 sager
1146 5533 1220 5583 codex
1233 5533 1428 5583 Maximinianae
1444 5537 1523 5597 (cutus
1534 5536 1605 5582 varta
1617 5533 1686 5580 lectio
1698 5535 1725 5580 tn
1736 5535 1847 5591 masclae

226 5618 315 5667 codicis
333 5619 361 5669 S.
377 5618 480 5668 Martini
498 5620 623 5681 adscripta
640 5623 692 5667 erat
824 5627 909 5669 sancto
928 5620 950 5668 Ε
1087 5618 1119 5669 12
1136 5619 1236 5668 heredis
1253 5623 1420 5669 nominativus
1553 5615 1650 5685 manes]
1668 5624 1753 5667 manet
1771 5619 1844 5667 aar.

229 5703 260 5756 1⁵
277 5719 322 5769 per
340 5702 373 5775 Ε]
389 5719 433 5768 pro
451 5707 495 5755 Br.
601 5706 696 5755 domni
716 5705 738 5753 11

1584 5804 1640 5859 31*
