4374 6186
957 401 1161 460 APPnunrx.

536 576 539 586 ³
581 596 758 663 Audulfum
781 595 942 681 proprium
966 596 1170 678 commenda,
1197 616 1329 679 magne,
1358 595 1477 661 relatu:

668 701 714 764 sio
736 707 791 763 tua
813 701 879 766 vita
902 699 1019 764 decens
1041 701 1102 764 hoo
1125 699 1220 764 sitin
1243 699 1318 764 orbe
1341 719 1486 764 manens.

500 824 542 879 rs!
582 803 691 885 regale
714 803 755 867 ad
779 811 886 868 votum
910 803 1018 869 felioia
1041 809 1154 868 cuneta
1177 809 1350 885 sequantur

668 906 785 987 detque
808 907 888 971 deus
911 906 1003 972 vobis
1025 912 1169 990 tempora
1191 905 1400 989 temporibus.

1020 1216 1096 1279 VIII

847 1353 1079 1450 Epitaphium
1107 1354 1265 1428 Nectarii

582 1526 688 1590 Triste
711 1526 770 1590 sub
792 1525 853 1589 hoo
875 1524 997 1589 tumulo
1020 1523 1142 1589 orudeii
1165 1524 1276 1589 funere
1298 1524 1380 1607 rapti

668 1628 810 1694 Nectarii
832 1626 957 1693 iuvenis
979 1628 1122 1692 membra
1144 1628 1271 1711 sepulta
1292 1627 1408 1693 iacent.

582 1732 652 1815 ipse
674 1738 788 1814 quater
809 1732 922 1814 quinos
945 1730 1048 1796 valuit
1069 1749 1237 1815 superesse
1260 1750 1318 1814 per
1340 1750 1455 1808 annos,

667 1855 761 1917 quem
785 1834 928 1918 fugiente
952 1833 1004 1898 die
1027 1853 1112 1897 mors
1133 1833 1264 1898 inimica
1283 1834 1367 1899 tulit.
1521 1839 1532 1878 ¹

516 1960 528 1998 a
582 1937 633 2001 irie
655 1937 788 2001 Proculo
810 1937 953 2020 genitore
976 1942 1082 2019 satus,
1109 1936 1166 2000 sed
1190 1942 1274 2003 sorte
1297 1935 1438 2001 nefanda

667 2047 742 2103 ante
764 2046 853 2104 tenet
873 2038 1024 2103 lacrimas
1046 2060 1140 2122 quam
1164 2059 1224 2104 sua
1246 2046 1321 2105 vota
1343 2059 1477 2124 parens3

582 2150 692 2224 gratus
715 2143 750 2206 in
772 2149 923 2227 aspectu,
950 2161 1047 2206 sensu
1069 2142 1252 2207 moderatus
1274 2143 1397 2227 opimo,

666 2246 793 2328 qualem
817 2266 880 2310 non
902 2245 1015 2330 puduit
1037 2264 1125 2329 spem
1148 2264 1321 2328 generasse
1344 2253 1477 2330 patrem.

581 2356 655 2414 sunt
675 2356 783 2414 tamen
805 2349 928 2432 ingenti
950 2348 1071 2414 solania
1092 2368 1211 2432 magna
1233 2347 1351 2432 dolori,

665 2452 750 2535 quod
772 2452 858 2533 quod
878 2452 913 2517 in
935 2452 1011 2517 orbe
1034 2452 1122 2517 venit
1143 2472 1206 2517 non
1229 2451 1299 2517 sine
1321 2459 1421 2518 morte
1443 2459 1567 2518 manet:

579 2555 660 2620 haee
682 2555 736 2637 via
758 2555 967 2640 pauperibus,
996 2556 1076 2620 haee
1099 2562 1148 2620 est
1170 2562 1202 2620 et
1223 2554 1353 2638 regibus
1375 2575 1454 2636 una,

666 2659 724 2724 sed
746 2658 826 2724 vivit
847 2678 975 2743 semper
996 2679 1090 2742 quem
1114 2660 1195 2724 bene
1218 2657 1304 2723 faeta
1326 2657 1445 2724 fovent.

1032 2969 1081 3033 IX

783 3110 921 3184 Versus
948 3132 1013 3204 pro
1040 3107 1154 3203 pomis
1182 3107 1326 3181 directis

579 3279 728 3344 Cardinis
750 3278 873 3344 occidui
895 3277 984 3360 regio
1006 3298 1089 3362 quae
1112 3278 1248 3363 sumpsit
1269 3278 1310 3343 ab
1333 3284 1419 3360 ortu,

664 3382 761 3449 mittit
781 3382 926 3447 amicalis
949 3382 1057 3446 dnloia
1079 3403 1173 3466 poma
1194 3369 1348 3461 manus;⁵

579 3485 660 3551 haeo
681 3506 823 3569 quoque,
851 3506 934 3567 quae
957 3492 1063 3551 nostro
1086 3484 1260 3570 pendentia
1281 3483 1422 3549 vidimus
1444 3485 1552 3567 horto,

665 3589 817 3655 admonet
837 3589 972 3653 affectus
994 3609 1127 3653 munera
1148 3587 1231 3653 ferre
1253 3586 1337 3671 pius.
1469 3586 1472 3590 ’

579 3711 643 3756 non
664 3691 764 3756 animi
786 3698 946 3774 metuant,
973 3691 1054 3756 haeo
1077 3698 1151 3755 sunt
1172 3689 1257 3773 quod
1279 3690 1320 3754 ab
1343 3690 1455 3755 arbore
1478 3696 1602 3775 nauita:

666 3794 728 3859 iam
752 3794 842 3859 fraus
865 3795 954 3859 nulla
976 3800 1071 3859 nocet
1092 3793 1177 3878 quod
1198 3792 1368 3878 paradisus
1391 3793 1505 3870 habet;

580 3918 717 3981 namque
740 3896 945 3982 redemptriei
967 3904 1134 3981 postquam
1158 3896 1190 3961 in
1213 3917 1305 3962 eruce
1328 3895 1476 3962 Christus
1497 3895 1662 3976 adhaesit,
1728 3940 1735 3956 .

665 4021 723 4086 per
744 4001 867 4084 lignum
889 3999 985 4067 rediit
1006 3999 1090 4085 quod
1112 3999 1201 4085 prius
1222 4002 1292 4065 Eva
1313 3999 1404 4079 tulit;

580 4102 643 4168 iam
666 4104 782 4168 meruit
804 4104 919 4169 mulier
940 4103 1072 4188 purgari
1094 4103 1225 4168 erimine
1248 4122 1362 4169 sexus:

667 4227 750 4272 mors
773 4206 833 4272 fuit
854 4207 913 4273 illa
933 4214 1043 4290 vetus,
1070 4206 1160 4289 virgo
1183 4206 1310 4272 novella
1332 4207 1433 4272 salus.

581 4318 613 4375 et
634 4310 711 4394 quia
734 4311 913 4376 silvestrem
934 4310 1078 4375 tribuunt
1100 4312 1260 4376 elementa
1281 4317 1447 4394 paratum,

667 4413 812 4479 misimus
834 4414 1006 4498 exiguum,
1032 4414 1119 4496 quod
1141 4413 1232 4479 dedit
1253 4414 1356 4496 unda,
1383 4412 1499 4478 eibum.

581 4517 734 4601 deprecor
755 4537 849 4601 ergo,
875 4537 970 4601 pares
993 4517 1044 4582 vel
1067 4538 1161 4601 poma
1183 4517 1237 4581 vei
1258 4523 1364 4582 ostrea
1385 4514 1490 4582 fratri:

667 4621 768 4702 eligat
788 4620 991 4703 alterutrum,
1017 4621 1103 4702 quod
1125 4619 1187 4685 sibi
1210 4620 1313 4684 maius
1335 4627 1434 4685 amat.

516 4748 528 4783 r.
582 4723 640 4788 sed
662 4723 858 4805 Dagaulfum
881 4723 961 4789 haeo
983 4722 1275 4808 rumpat-cervesia
1295 4723 1412 4803 tristis,

667 4826 758 4892 faece
781 4826 929 4911 lagunari
951 4827 1094 4908 turbida,
1120 4827 1232 4893 tendat
1252 4826 1410 4912 hydrops:

249 5005 389 5013 --—.—.-
417 5004 658 5013 ——-———-

319 5107 511 5155 recommendo
623 5107 701 5153 relatu
725 5102 878 5171 Gaerardas]
898 5105 974 5154 relato
1090 5105 1120 5154 ro
1138 5104 1199 5165 fort.
1221 5106 1313 5154 uestris
1331 5118 1447 5169 prospere
1463 5104 1617 5169 temporibus
1717 5112 1773 5169 poet
1790 5125 1814 5156 u.
1839 5111 1868 5156 16

248 5196 347 5255 proprio
364 5209 450 5242 vasa:
470 5198 581 5254 tempora
598 5192 754 5254 temporibus
772 5192 815 5238 det
833 5193 904 5239 uobis
923 5192 985 5239 deus

319 5279 380 5327 Vlll
453 5279 477 5326 Σ
494 5278 516 5340 s.
538 5275 583 5327 Μ’
688 5289 957 5325 resumamus.
1006 5293 1020 5306 ·
1064 5276 1169 5326 4ῑυ111ῐ
1242 5266 1394 5327 'seorsus
1497 5278 1588 5330 subscr.
1608 5293 1733 5328 nxnnrerr
1749 5293 1846 5328 anasse

317 5366 353 5413 IX
424 5365 449 5412 Σ
465 5365 487 5424 s.
503 5362 549 5413 51⁶
635 5377 698 5411 ruam
711 5377 792 5410 nnrun
806 5361 878 5410 ruer?
890 5365 942 5410 rnr‘r
954 5376 1053 5411 vnnsvs
1065 5376 1117 5411 rao
1129 5376 1207 5411 roms
1218 5377 1342 5413 nruorrs
1358 5365 1468 5426 (dtreotis
1482 5364 1624 5414 mmmm
1636 5364 1671 5426 cs.
1688 5366 1732 5426 ΧΙ,
1749 5367 1790 5425 12,
1807 5365 1831 5426 1)

247 5465 346 5499 carmen
359 5451 905 5512 suseprundusnonarummrmerrpmm
920 5452 1005 5511 (odd)
1113 5450 1216 5499 {thorto
1229 5448 1382 5519 Guerordus]
1400 5457 1454 5500 ortn
1553 5451 1642 5514 dpios
1740 5448 1869 5518 oenrpts]

248 5543 486 5598 respuentur.
593 5537 763 5599 tparadysus
867 5533 970 5584 Stullit
1080 5535 1107 5585 ii
1130 5537 1271 5585 siluestrem
1292 5534 1466 5604 Mommseaaa]
1485 5540 1522 5587 sto
1540 5544 1652 5587 uestrum
1759 5534 1790 5585 12
1808 5535 1867 5596 fort.

248 5637 322 5684 quern
429 5622 458 5671 13
476 5624 568 5673 tratres
682 5624 711 5671 15
730 5622 755 5671 d.
776 5622 801 5672 h.
822 5637 843 5671 r.
867 5618 1021 5688 Ouerordus]
1038 5623 1069 5671 ds
1086 5638 1117 5683 ga
1135 5624 1215 5672 ulium
1234 5623 1279 5672 heo
1298 5638 1340 5672 um
1358 5631 1402 5687 pet
1516 5623 1547 5674 16
1564 5624 1677 5686 leguntur
1696 5618 1870 5687 sommam]

247 5710 356 5757 tammari
461 5710 531 5768 ydros

326 5808 452 5850 versurus
466 5807 611 5849 Forrrsurvs
1631 5813 1663 5861 36
