4374 6186
926 398 1096 456 VENANTI
1114 394 1335 456 FORTVNATI

901 753 923 801 a
976 729 1067 802 Item
1094 728 1138 802 de
1165 727 1289 801 cadem
1316 751 1356 802 re

651 898 778 962 Blanda
799 898 955 981 magistra
977 918 1068 962 suurn
1093 897 1201 962 verbis
1223 897 1380 962 recreavit
1401 904 1434 962 et
1455 895 1539 962 escis

738 1008 772 1066 et
793 1001 891 1066 satiat
912 1000 1001 1065 varic
1025 1001 1197 1066 deliciante
1219 1000 1298 1065 icco.

1078 1291 1188 1357 XXIV

914 1433 1005 1506 Item
1033 1432 1078 1505 ile
1105 1454 1250 1504 munere
1277 1454 1342 1504 suc

653 1601 688 1666 Si
710 1622 773 1666 nun
796 1602 969 1687 ccnplestis
992 1600 1079 1684 qued
1100 1600 1153 1665 hie
1175 1601 1323 1684 conpleta
1345 1607 1492 1680 vocatur,

737 1705 833 1784 haec,
861 1725 937 1787 regu
959 1703 1164 1788 suppliciter,
1191 1701 1335 1787 suscipe,
1364 1722 1454 1769 sume
1477 1703 1593 1768 libens.

652 1828 711 1872 nec
732 1828 832 1891 parm
854 1827 1005 1892 spernas:
1031 1827 1104 1871 nam
1129 1806 1156 1870 si
1179 1826 1252 1870 mea
1274 1812 1348 1870 veta
1370 1806 1532 1889 requiras,

738 1930 853 1975 munus
874 1911 908 1974 in
930 1917 1105 1993 angustum
1128 1908 1266 1976 cernitur
1286 1909 1414 1993 anrplus
1435 1929 1535 1974 amor.

1087 2202 1179 2267 XXV

859 2342 918 2415 Ad
946 2342 1091 2416 easdem
1119 2342 1164 2414 dc
1191 2340 1317 2414 itincre
1343 2363 1409 2414 suc

655 2511 793 2577 Casibus
815 2511 990 2577 innumeris
1012 2511 1175 2577 hominum
1197 2517 1357 2576 momenta
1379 2517 1523 2575 rotantur

740 2615 946 2697 instabilique
968 2615 1073 2699 gradu
1095 2614 1237 2700 pendula
1259 2615 1326 2680 vita
1348 2621 1446 2678 meat.

655 2719 728 2803 ipsa
752 2719 928 2784 futurarum
950 2718 1094 2784 titubans
1116 2737 1207 2782 mens
1230 2717 1327 2782 auxia
1348 2736 1454 2782 rerum

742 2828 878 2886 ventura
899 2821 1028 2904 ignerat
1049 2820 1128 2902 quid
1150 2820 1211 2885 sibi
1233 2821 1288 2884 lux
1311 2819 1428 2904 pariat.

590 2947 602 2983 s
655 2945 730 2989 nam
753 2944 804 2989 me
828 2924 1009 3007 digressum
1031 2944 1052 2989 a
1074 2923 1167 2988 vobis
1188 2923 1375 2988 Ecmunilus
1398 2930 1521 2987 amator

741 3027 800 3091 illa
821 3026 1049 3111 suscepitque
1070 3026 1212 3092 bonitate
1235 3027 1327 3091 solet.

656 3130 731 3195 binc
753 3130 834 3195 citus
857 3148 1030 3195 excurrens
1052 3129 1205 3196 cariacae
1228 3128 1368 3194 devehor
1389 3129 1502 3205 aulae3

744 3233 973 3298 Tincillacensi
996 3233 1138 3318 perferor
1159 3232 1234 3297 inde
1257 3233 1337 3296 loce.

656 3336 731 3402 irinc
754 3357 845 3403 sacer
867 3336 1003 3402 antistes
1026 3337 1132 3421 rapuit
1154 3356 1205 3400 me
1227 3334 1447 3415 Domitianus,

573 3462 603 3501 ιο
742 3439 785 3505 ad
808 3439 910 3505 sancti
931 3439 1042 3504 Albini
1064 3437 1184 3522 gaudia
1207 3437 1291 3502 festa
1313 3436 1456 3502 trahens.

656 3543 732 3609 inde
754 3543 933 3622 relaxatus,
960 3542 1133 3626 perplura
1155 3539 1300 3625 pericula
1323 3538 1443 3603 fessum

743 3665 849 3730 puppe
873 3646 932 3710 sub
955 3645 1075 3727 exigua
1097 3641 1212 3709 fluctus
1234 3650 1268 3708 et
1288 3641 1390 3707 imber
1411 3642 1496 3725 agit,

657 3768 718 3832 quc
741 3748 850 3833 gravis
872 3747 1061 3813 incumbens
1082 3747 1200 3831 Aquilo
1224 3747 1425 3812 subverterat
1446 3765 1572 3810 amnem

743 3858 776 3917 et
796 3851 882 3916 male
905 3858 1052 3916 curvatus
1074 3849 1190 3916 extulit
1212 3849 1300 3913 unda
1321 3847 1428 3926 sinus;

574 3977 604 4016 15
657 3974 716 4019 uec
739 3974 797 4019 sua
819 3960 993 4019 commotos
1015 3953 1187 4038 capiebant
1207 3952 1301 4017 litora
1322 3948 1453 4015 fluctus:

742 4056 900 4123 invadunt
920 4064 1023 4122 terras
1045 4076 1185 4141 aequora
1208 4056 1281 4120 fusa
1303 4074 1413 4119 novas.

392 4337 619 4386 xx111⁸eoiuerei
637 4337 664 4383 ta
681 4335 706 4382 Σ
723 4337 878 4395 sumpsisse
895 4337 948 4383 alae
966 4335 1040 4383 titulo
1155 4347 1207 4382 nno
1225 4348 1248 4383 rr.
1271 4347 1298 4381 c.
1319 4334 1352 4395 D,
1370 4333 1456 4382 om.L
1576 4333 1584 4383 l
1606 4334 1707 4382 blandis
1726 4333 1750 4379 D
1853 4336 1946 4386 ubter.

323 4436 347 4471 r.
367 4435 413 4471 xvu
431 4420 490 4482 Ari,
513 4434 556 4468 1111
576 4420 601 4467 D

392 4507 480 4555 XXIV
584 4508 647 4554 item
664 4502 708 4571 de]
726 4518 777 4553 rao
794 4505 817 4552 L
932 4509 960 4555 in
978 4506 1003 4553 D
1022 4509 1102 4567 ipsam
1119 4519 1219 4554 cannen
1237 4505 1279 4552 boc
1297 4507 1349 4552 iaco
1367 4508 1496 4565 omittitur,
1516 4510 1545 4554 ut
1562 4519 1583 4554 c.
1605 4507 1637 4554 25
1656 4509 1696 4554 isti
1713 4508 1785 4554 titulo
1802 4507 1945 4557 subicietur.

322 4592 365 4641 sai
389 4595 417 4641 ia
440 4595 489 4657 fiae
512 4593 600 4642 codicis
623 4596 678 4653 posi
695 4592 896 4651 miseriptionem
913 4606 983 4639 arum
999 4592 1099 4651 adpicta
1117 4605 1175 4638 cam
1191 4595 1250 4638 notu
1269 4602 1386 4640 uncvrnn
1404 4603 1491 4639 nanno
1509 4604 1544 4637 aa
1563 4603 1642 4638 rsrvu
1660 4604 1760 4638 stouras
1777 4607 1875 4640 ennaea
1892 4607 1948 4640 cum

323 4681 396 4728 tituta
413 4682 514 4741 repetito
535 4681 569 4740 iv.
589 4691 646 4727 xvr.
667 4691 739 4726 xxrv.
761 4689 825 4723 mnu
843 4690 878 4723 ns
896 4690 1006 4724 arunas
1025 4678 1079 4738 suo)
1100 4677 1230 4737 suppletur
1335 4674 1344 4723 1
1368 4677 1503 4738 coupiestis
1523 4673 1606 4742 EDG]
1623 4677 1765 4737 complestis
1784 4677 1838 4738 BL,
1864 4679 1947 4740 cepia-

322 4765 370 4813 stis
389 4765 417 4813 Μ
518 4767 633 4827 conpleta
651 4761 711 4830 Dii]
728 4764 850 4823 completa
863 4762 966 4823 aaut,
987 4764 1084 4825 copleta
1097 4761 1125 4809 Μ
1228 4763 1242 4811 3
1261 4775 1310 4811 cm.
1325 4763 1348 4808 F
1449 4776 1506 4809 nam
1525 4764 1546 4809 si
1566 4758 1602 4827 Σ]
1620 4776 1677 4810 uam
1695 4764 1749 4810 reli.
1855 4761 1947 4811 imu-

324 4864 372 4898 uus
390 4853 418 4898 iu
436 4847 584 4916 angustum]
610 4864 702 4898 munus
720 4851 749 4898 ln
767 4846 998 4910 angusto’DAliF,
1027 4863 1131 4898 munera
1149 4851 1177 4897 in
1195 4855 1300 4908 angusto
1320 4847 1446 4894 MDGDL
1472 4849 1573 4902 imuuus
1597 4848 1626 4896 ad
1649 4855 1784 4909 augustum
1810 4851 1852 4898 ‘iss
1869 4851 1947 4899 uitero

322 4936 375 4984 coi.
396 4937 457 4987 Vnt!
478 4937 586 4985 Lesbius
603 4940 645 4985 cia
663 4936 731 4998 secie)
839 4937 949 4998 amplius
968 4935 1016 4983 Dii
1121 4935 1212 4983 subscr.
1234 4950 1257 4983 v.
1278 4947 1306 4982 rv
1324 4936 1347 4982 A
1363 4934 1397 4996 (D
1410 4933 1453 4980 aab
1467 4931 1582 4994 asinii)

391 5021 464 5069 XXV
533 5023 576 5069 ime
593 5029 661 5085 eiaq.
681 5036 782 5071 carmen
799 5027 883 5071 exient
901 5024 929 5070 ia
946 5021 1000 5070 cod.
1021 5021 1140 5069 Larissai.
1161 5023 1204 5083 ic,
1226 5023 1258 5069 26
1277 5036 1297 5068 a.
1313 5021 1367 5067 Xii
1384 5016 1484 5080 [11162'
1507 5020 1547 5081 (11)
1620 5023 1660 5071 iii.
1680 5022 1708 5068 in
1727 5020 1763 5067 E:
1782 5034 1817 5068 nn
1835 5034 1946 5070 urrunnu

324 5119 370 5156 svo
387 5121 423 5154 an
440 5120 583 5155 crvuuaruas
601 5119 763 5156 aunscavara
786 5110 827 5169 qui
849 5107 946 5155 videtur
967 5110 1091 5167 penninas
1115 5107 1203 5155 titulus
1221 5121 1284 5168 ease,
1311 5105 1508 5167 quandoquidem
1526 5105 1662 5165 Andcpccn
1679 5105 1820 5154 Domitiani
1836 5107 1904 5156 sedas
1921 5111 1949 5156 ia

324 5194 375 5252 ipsa
392 5196 501 5242 sunniae
517 5206 568 5242 noa
586 5199 747 5255 nuncapatur
851 5196 889 5241 tii.
910 5206 958 5242 cm.
973 5192 998 5239 D
1101 5193 1131 5241 ad
1150 5187 1232 5257 casm]
1250 5206 1286 5239 an
1304 5205 1414 5239 sannaus
1426 5192 1456 5249 B,
1478 5203 1543 5237 mrsu
1562 5191 1591 5250 i',
1611 5204 1658 5239 om.
1674 5190 1696 5238 L
1800 5206 1846 5241 auc
1863 5207 1910 5243 om.
1926 5193 1948 5242 L

323 5277 338 5326 2
357 5279 525 5340 instabilisque
544 5279 569 5326 Σ
689 5279 705 5327 4
724 5278 789 5341 quod
808 5277 840 5325 01
962 5277 1091 5327 barnatur
1110 5278 1158 5326 ΣΡ
1286 5277 1300 5324 l
1319 5278 1414 5326 caricas
1431 5277 1541 5325 deuehar
1561 5278 1588 5338 F,
1609 5278 1704 5325 caricae
1721 5278 1813 5327 deueor
1830 5278 1861 5341 D,
1883 5281 1948 5328 caria

322 5366 383 5413 cade
399 5364 478 5413 uehar
497 5365 519 5412 Ε
621 5364 636 5416 8
655 5365 821 5414 tincillacensi
840 5361 999 5430 SAEMDR]
1017 5372 1079 5413 tuuc
1096 5366 1210 5413 illacensi
1230 5362 1323 5413 GDLF
1342 5362 1385 5423 (cf.
1408 5363 1512 5411 Fortun.
1531 5365 1574 5411 cii.
1597 5363 1653 5413 Ait.
1675 5364 1699 5424 ὁ)
1806 5362 1823 5412 9
1840 5367 1947 5414 antistas

323 5447 426 5516 GBLR]
443 5453 545 5501 antistis
564 5450 626 5513 lin,
646 5453 753 5501 antestis
772 5450 820 5499 ΣΑ
923 5451 1079 5499 domicianus
1098 5450 1146 5498 ΣΑ
1254 5448 1431 5510 iuuencis,
1450 5448 1583 5496 alleuulR
1689 5448 1716 5498 11
1737 5451 1914 5498 relaxatumii

322 5536 416 5584 sessum
435 5533 500 5604 ΣΕ]
518 5539 583 5586 isssa
600 5539 655 5585 rati.
776 5536 806 5586 12
825 5539 909 5599 pubps
927 5537 960 5599 D,
982 5539 1076 5599 quippe
1095 5538 1117 5584 11
1220 5537 1305 5595 ymber
1323 5534 1371 5582 AG
1489 5533 1519 5582 13
1537 5534 1603 5595 quad
1623 5532 1722 5582 MDDL
1825 5538 1948 5586 incubans

323 5620 354 5686 D,
372 5635 421 5671 om.
437 5623 461 5670 D
565 5627 649 5687 aquilo
668 5620 755 5690 ΣΑΕ]
773 5625 857 5686 aliquo
875 5625 928 5672 scii.
1035 5623 1236 5672 subuerterctA
1378 5618 1408 5668 14
1426 5621 1535 5668 extullit
1553 5619 1577 5667 Σ
1681 5635 1758 5669 sonus
1776 5619 1811 5669 Αἱ
1828 5634 1890 5670 corr.
1912 5622 1944 5671 Al

325 5707 355 5758 15
373 5714 509 5757 commotus
527 5711 598 5758 Alii*
