4374 6186
246 381 287 442 76
547 374 742 431 OPVSCVLA
760 375 956 431 VENANTIO
974 375 1204 432 FORTVNATO
1222 375 1326 431 hIALIi
1344 373 1571 432 ATTRIBVTA

247 565 415 650 stipendiis
438 565 615 631 debebatur
637 566 697 631 sub
719 566 905 649 integritate
929 565 1076 632 conferri.
1129 565 1189 647 (241
1218 565 1313 630 Illius
1335 566 1481 631 miraculi
1506 566 1728 651 spectaculum
1749 586 1772 630 a
1788 567 1898 632 beato

245 669 312 734 viro
335 674 496 754 patratum
519 667 562 733 ad
585 668 714 734 laudem
738 668 790 734 dei
814 677 863 734 θεῖ
886 669 1040 734 memoria
1062 668 1275 734 retinendum.

114 808 117 812 ⁴
145 773 221 837 VIII
338 773 397 854 125}
423 771 507 836 Dum
538 771 652 837 beatus
675 772 825 837 Etherius
848 771 1019 857 episcopus
1043 774 1171 838 beatum
1195 772 1371 837 Leobinum
1393 772 1529 837 Braiaco
1551 780 1586 836 ut
1609 772 1670 838 sibi
1693 779 1896 838 occurrerat

245 882 445 955 convocaret,
480 874 613 958 contigit
644 882 678 939 ut
707 874 812 939 vicina
839 874 928 939 illius
957 874 1059 940 cellae
1082 873 1235 956 quicquid
1259 873 1388 940 obvium
1412 874 1497 940 edax
1518 875 1603 958 ignis
1625 874 1802 940 invenerat
1827 893 1894 939 ex-

243 978 398 1043 urendum
425 977 506 1042 nihil
529 985 677 1061 parceret
699 976 955 1058 reIInquendum.
1008 977 1072 1060 (26)
1099 976 1164 1042 Sed
1188 997 1259 1042 cum
1283 977 1431 1042 monachi
1453 977 1535 1043 tanti
1556 997 1708 1062 vaporem
1733 975 1930 1042 incendiis

243 1100 445 1163 nequaqnam
473 1079 601 1145 iniectis
632 1080 725 1161 aquis
748 1087 880 1163 possent
902 1080 1092 1164 reprimere,
1127 1080 1185 1145 sed
1208 1087 1243 1145 ut
1264 1079 1433 1145 videbatur
1455 1080 1561 1164 potius
1582 1080 1690 1164 ignem
1713 1080 1764 1145 eis
1787 1079 1892 1145 ride-

243 1191 352 1248 rentur
374 1182 561 1263 accendere,
590 1183 639 1247 vir
663 1183 715 1249 dei
739 1183 900 1248 Lcobinus
923 1182 1120 1249 orationibus
1144 1189 1175 1247 et
1199 1182 1339 1247 lacrimIs
1362 1182 1594 1248 valentioribus
1617 1181 1710 1265 aquis
1726 1181 1891 1247 flamma·

243 1306 311 1351 rum
335 1285 446 1368 globos
470 1285 597 1350 nomine
621 1284 739 1350 Christi
762 1285 909 1351 invocato
932 1285 1061 1369 penitus
1084 1285 1251 1369 consopire
1274 1284 1360 1351 fecit.

173 1390 221 1454 IX
334 1391 396 1469 (27)
423 1389 492 1453 Nec
514 1389 620 1453 minus
643 1395 675 1453 et
689 1388 777 1452 illius
792 1388 938 1453 miraculi
953 1387 1081 1471 insigne
1097 1388 1302 1472 praeconium
1318 1389 1489 1455 memoriae
1506 1396 1556 1455 est
1571 1387 1885 1455 commendandum.

243 1490 323 1556 Cum
347 1510 405 1576 per
426 1491 512 1556 idem
532 1498 658 1575 tempus
674 1490 840 1575 praefatus
856 1491 1005 1557 litherius
1023 1490 1194 1574 episcopus
1209 1491 1295 1557 beati
1312 1491 1371 1556 viri
1387 1492 1520 1558 Lcobini
1536 1490 1735 1576 perspiciens
1753 1492 1890 1558 sancti·
1914 1513 1947 1554 ro

243 1601 341 1660 tatem
364 1594 407 1658 ad
430 1593 619 1659 diaconatus
642 1592 781 1659 officium
804 1594 995 1678 proveheret
1014 1600 1046 1658 et
1061 1593 1214 1659 fratribus
1229 1594 1434 1660 Braiacensis
1449 1594 1634 1661 monasterii
1648 1603 1885 1679 praeponeret,

243 1697 375 1780 dignum
399 1696 506 1776 duxit,
534 1704 568 1761 ut
590 1695 812 1780 praefecturae
835 1696 976 1763 officium
999 1696 1197 1763 commodius
1220 1706 1348 1781 ageret,
1376 1698 1403 1763 si
1427 1698 1470 1763 ad
1493 1696 1674 1783 presbiterii
1696 1716 1778 1762 onus
1804 1716 1887 1763 eum

243 1799 462 1865 ordInabiliter
492 1799 689 1865 sublimaret.
744 1802 804 1882 (28)
833 1800 1039 1866 Postmodum
1069 1821 1142 1867 cum
1172 1799 1301 1865 flamma
1330 1800 1434 1866 rabidi
1457 1801 1542 1884 ignis
1565 1800 1664 1866 silvas
1687 1807 1719 1866 et
1742 1819 1888 1885 campos

243 1923 380 1968 exurens
408 1902 451 1967 ad
478 1903 705 1968 monasterium
734 1911 862 1986 segetes
894 1903 1058 1969 exurendo
1087 1904 1231 1969 venisset
1259 1911 1291 1969 et
1319 1904 1469 1969 monachi
1499 1904 1568 1970 eius
1597 1911 1683 1969 metu
1712 1924 1733 1968 a
1762 1923 1888 1969 mensa

244 2007 473 2087 surrexissent,
507 2006 555 2070 vir
584 2014 714 2072 sanctus
744 2006 777 2071 in
807 2007 951 2072 oratione
973 2014 1048 2072 ante
1070 2005 1253 2072 incendium
1277 2015 1454 2091 prostratus
1476 2007 1563 2092 apud
1586 2006 1667 2072 caeli
1690 2005 1789 2071 deum
1816 2007 1887 2071 im·
1913 2029 1947 2068 rs

243 2116 369 2192 petrare
393 2108 516 2187 meruit,
543 2116 578 2174 ut
600 2110 703 2174 omnis
726 2109 814 2174 illius
837 2110 923 2193 ignis
946 2111 1053 2176 rabies
1075 2129 1232 2195 oppressa
1255 2110 1473 2195 consopiretur
1496 2117 1528 2176 et
1550 2109 1684 2194 pristina
1698 2110 1888 2194 temperies

242 2213 327 2277 aeris
352 2210 477 2277 reddita
499 2212 712 2278 blandiretur.

191 2314 222 2378 X
336 2317 396 2398 (29)
423 2315 586 2380 Inseratur
607 2314 682 2379 huic
704 2316 792 2400 operi
814 2314 898 2380 illud
922 2316 1061 2381 caeleste
1084 2315 1284 2395 miraculum,
1311 2316 1396 2398 quod
1415 2316 1562 2381 dominus
1577 2322 1704 2400 patrare
1720 2314 1887 2400 dignatus

241 2424 290 2482 est
318 2437 375 2502 per
402 2419 532 2483 beatum
556 2417 743 2483 Leobinum.
793 2418 939 2496 Quodam
970 2426 1111 2502 tempore
1143 2418 1207 2483 duo
1236 2418 1461 2502 energumeni,
1496 2418 1528 2483 in
1558 2418 1674 2500 quibus
1703 2425 1794 2484 tanta
1829 2420 1886 2486 vis

241 2520 430 2586 daemonum
455 2521 696 2604 praevaluerat,
724 2527 759 2586 ut
782 2542 880 2606 saepe
904 2522 1034 2587 vincula
1056 2528 1089 2586 et
1112 2528 1244 2587 catenas
1268 2522 1534 2602 comminuerent,
1569 2528 1771 2586 occurrentes
1794 2522 1885 2588 bea·
1907 2541 1945 2583 ao

240 2623 363 2688 tissimo
392 2624 460 2689 viro
491 2623 656 2709 sospitatis
678 2623 855 2689 remedium
879 2624 941 2688 sibi
964 2623 1126 2689 humiliter
1148 2624 1262 2708 largiri
1285 2631 1507 2710 poposcerunt.
1562 2626 1621 2706 (30)
1650 2623 1788 2690 Sanctus
1812 2625 1885 2690 ita-

240 2746 302 2809 que
330 2726 378 2790 vir
407 2747 428 2790 a
457 2726 609 2792 fratribus
638 2727 819 2792 cohortatus
849 2726 1035 2812 impendere
1058 2727 1195 2811 gratiam
1218 2728 1365 2793 medelae
1389 2728 1575 2794 daemonico
1597 2726 1704 2793 furore
1727 2727 1878 2810 agitatis,

241 2829 362 2914 pietate
392 2834 567 2895 commotus
595 2829 741 2913 opposito
771 2829 874 2894 crucis
903 2830 1069 2913 signaculo
1099 2838 1132 2896 et
1155 2830 1358 2896 daemonium
1381 2832 1422 2897 ab
1446 2831 1494 2896 eis
1517 2830 1641 2914 expulit
1662 2837 1694 2895 et
1715 2830 1884 2914 prIstinae

241 2932 387 2997 sanitatis
417 2931 628 2997 incolumitati
658 2932 832 2997 efficaciter
862 2932 1010 2998 restituit.
1071 2934 1132 3016 (31)
1160 2934 1229 2999 Nec
1252 2934 1351 2999 multo
1374 2941 1445 3019 post
1468 2941 1610 3018 tempore
1634 2932 1708 2998 dum
1732 2934 1834 3017 longe
1860 2957 1884 3001 a

241 3035 359 3099 cellula
388 3035 506 3100 absens
537 3041 623 3100 esset
654 3042 686 3099 et
715 3034 757 3099 ad
787 3036 1016 3100 monasterium
1040 3037 1094 3102 ubi
1118 3055 1240 3121 paucae
1263 3038 1392 3121 puellae
1415 3037 1622 3101 morabantur
1644 3037 1883 3121 compendioso
1904 3054 1941 3097 2⁵

239 3136 353 3202 itinere
376 3137 570 3217 declinaret,
603 3137 743 3220 benigne
765 3145 919 3221 exceptus
943 3146 992 3203 est
1014 3139 1054 3204 ab
1077 3138 1158 3204 illis.
1210 3141 1273 3222 (32)
1301 3140 1447 3222 Denique
1472 3147 1545 3224 post
1566 3139 1776 3205 humanitatis
1799 3140 1882 3206 offi-

148 3298 152 3305 .
240 3239 324 3303 cium
355 3239 440 3320 quod
470 3240 499 3304 ei
529 3238 742 3305 libentissime
772 3239 985 3307 exhibuerunt
1012 3241 1228 3326 intempestae
1258 3243 1358 3309 noctis
1389 3242 1517 3308 silentio
1540 3263 1605 3307 una
1626 3242 1666 3308 dc
1689 3242 1880 3325 puellarum

241 3341 378 3425 collegio
405 3342 565 3408 incentive
595 3342 737 3427 impulsa
763 3343 961 3428 petulantiae
992 3353 1084 3410 aestu
1113 3345 1238 3411 nefario
1268 3345 1405 3431 pedibus
1428 3344 1531 3410 sancti
1553 3344 1689 3410 iacentis
1712 3345 1771 3410 sub
1796 3345 1880 3413 lecti

240 3444 437 3528 operimento
467 3444 617 3511 dentibus
647 3445 791 3511 dolosum
822 3445 930 3512 intulit
958 3467 1114 3529 morsum,
1148 3447 1203 3530 qui
1234 3449 1377 3513 sentiens
1408 3467 1442 3513 se
1473 3446 1654 3513 huiusmodi
1681 3466 1789 3512 morsu
1820 3457 1880 3514 at-

240 3553 409 3612 trectatum
431 3568 501 3612 cum
524 3548 732 3633 percussione
755 3549 894 3633 pectoris
918 3558 950 3616 et
970 3550 1094 3633 ingenti
1117 3550 1239 3633 gemitu
1261 3550 1351 3615 illam
1375 3549 1513 3635 pedibus
1536 3551 1603 3615 suis
1627 3550 1745 3634 repulit
1759 3551 1877 3616 morti·
1900 3568 1935 3610 aa

241 3649 343 3715 ferum
368 3650 579 3717 instillantem
609 3671 766 3717 venenum
790 3661 822 3717 et
845 3660 973 3718 servata
995 3653 1081 3718 omni
1104 3653 1246 3736 corporis
1268 3652 1452 3736 integritate
1476 3653 1609 3737 laqueos
1631 3652 1777 3718 mulieris
1800 3652 1879 3720 sine

241 3753 357 3819 damno
380 3753 484 3819 evasit
506 3754 658 3839 strophyo
681 3753 857 3838 pudicitiae
880 3756 1096 3838 praecinctus.

171 3855 219 3919 III
334 3857 394 3939 (33)
421 3856 471 3921 Ab
501 3857 560 3923 hac
590 3858 698 3940 itaque
727 3857 936 3941 temptatione
967 3857 1027 3923 deo
1056 3877 1091 3922 εθ
1121 3864 1309 3941 protegente
1332 3865 1478 3942 ereptus,
1513 3858 1644 3940 contigit
1666 3864 1701 3922 ut
1721 3857 1792 3942 ipse
1815 3861 1878 3939 qui

241 3958 376 4023 aliorum
399 3959 636 4025 infirmitatibus
660 3959 808 4026 extiterat
829 3960 973 4025 medicus
995 3960 1102 4025 cancri
1126 3961 1259 4027 vulnere
1276 3968 1494 4045 percuteretur
1509 3961 1541 4026 in
1557 3960 1696 4040 naribus,
1724 3959 1875 4043 quidum

241 4063 465 4129 monachorum
493 4064 642 4148 precibus
672 4071 852 4147 rogaretur,
888 4071 923 4130 ut
945 4063 1007 4128 sibi
1029 4064 1170 4130 humano
1194 4065 1337 4147 quolibet
1359 4063 1465 4129 studio
1490 4063 1687 4143 mederetur,
1718 4063 1789 4148 ipse
1813 4084 1876 4129 ae·
1899 4084 1934 4123 ³⁵

241 4171 329 4230 terno
360 4165 463 4231 fidens
490 4166 524 4230 in
552 4166 677 4232 medIco
707 4167 761 4249 qui
791 4167 858 4232 solo
881 4167 978 4232 verbo
1002 4174 1091 4232 curat
1114 4167 1221 4232 omnia
1243 4188 1349 4233 ceram
1373 4165 1574 4232 benedictam
1599 4186 1656 4251 per
1678 4184 1778 4230 annos
1802 4165 1876 4234 fere

240 4267 407 4332 duodecim
437 4268 580 4333 eiusdem
611 4269 714 4334 morbi
744 4269 897 4352 imposuit
927 4270 1017 4349 tabo,
1051 4277 1086 4335 ut
1114 4271 1217 4334 virtus
1246 4290 1303 4353 per
1331 4269 1473 4334 divinam
1503 4268 1638 4353 gratiam
1662 4275 1874 4351 augmentum

240 4377 369 4454 caperet
397 4371 429 4436 in
459 4370 655 4437 infirmitate.
706 4375 766 4453 ¹434}
796 4372 887 4437 Vnde
919 4392 1046 4457 semper·
1075 4372 1108 4437 in
1139 4372 1191 4437 dei
1222 4371 1351 4438 servitio
1382 4392 1574 4456 permanens
1605 4379 1637 4437 et
1666 4372 1698 4436 in
1722 4372 1876 4438 omnibus

239 4472 300 4537 deo
330 4473 452 4556 gratias
482 4494 582 4557 agens
613 4475 682 4540 sine
704 4475 813 4555 aliquo
836 4475 975 4540 humano
999 4476 1196 4557 suffragante
1221 4475 1341 4540 auxilio
1365 4481 1479 4558 postca
1501 4475 1626 4540 narium
1648 4473 1763 4539 meruit
1785 4475 1875 4540 reci-

234 4595 314 4659 pere
339 4577 520 4642 sanitatem.
1900 4597 1932 4638 ro

155 4677 219 4742 XII
333 4682 393 4760 {353
420 4679 603 4745 Proferatur·
623 4682 657 4745 in
680 4681 819 4746 medium
843 4689 875 4747 ct
896 4682 977 4747 illud
1001 4682 1193 4766 stupendum
1217 4688 1329 4763 gestae
1352 4681 1398 4745 rei
1421 4681 1625 4759 miraculum,
1659 4679 1743 4762 quod
1767 4681 1874 4744 omni-

240 4780 299 4845 hus
329 4781 480 4865 prodesse
510 4784 624 4867 poterit
646 4783 689 4848 ad
711 4782 786 4848 fidei
810 4784 1051 4851 incrementum.
1101 4784 1243 4863 Quidam
1267 4804 1306 4849 ex
1329 4784 1495 4848 monachis
1517 4783 1673 4848 vocabulo
1697 4782 1874 4865 Tyrannus

240 4882 380 4949 crudeliS
404 4885 533 4966 quidem
556 4886 689 4959 antiteto
712 4887 838 4953 nomine
863 4888 919 4954 sed
943 4890 1128 4973 praeclarus
1153 4888 1270 4952 virtute
1294 4886 1368 4952 dum
1392 4893 1479 4951 θεεθῖ
1501 4885 1640 4968 quadam
1664 4893 1754 4950 nocte
1778 4884 1873 4950 solli-

327 5162 358 5211 I‘Z
378 5192 411 5198 —
428 5179 453 5224 p.
470 5163 511 5224 ii,
533 5167 550 5213 l.
569 5165 597 5212 13
619 5184 649 5206 =
675 5166 701 5212 V.
717 5167 785 5213 Auiti
804 5167 850 5225 IV,
872 5168 904 5213 2²³
927 5169 989 5226 [ΛΑ.
1013 5165 1057 5214 SS.
1081 5168 1122 5213 Ii.
1139 5168 1198 5214 Iura.
1221 5165 1276 5225 III,
1293 5179 1319 5224 p.
1335 5167 1406 5224 359).

326 5405 340 5452 3
359 5403 497 5473 leobinum]
515 5420 563 5454 cru.
581 5407 601 5465 (l
706 5409 785 5454 braiui
804 5406 826 5452 P
942 5408 957 5456 I
976 5409 1061 5456 culum
1079 5408 1101 5454 P
1206 5414 1325 5455 euenerat
1344 5403 1374 5463 0¹
1481 5405 1495 5451 5
1514 5405 1574 5452 dum
1594 5403 1616 5449 P
1719 5399 1870 5468 Spenitns]

238 5489 324 5549 ⁰²²¹·(l
481 5492 512 5542 10
531 5493 579 5555 epo
600 5491 641 5551 0¹,
663 5494 723 5556 effla
743 5489 776 5551 0²
923 5495 1080 5556 prospiciens
1100 5493 1141 5554 (P)
1302 5491 1328 5539 11
1351 5496 1500 5554 proponeret
1519 5488 1540 5547 O
1698 5488 1728 5537 13
1747 5488 1828 5550 rapidi
1849 5490 1870 5548 Q

241 5575 270 5623 15
290 5584 427 5637 prostratus
447 5585 503 5627 ante
523 5579 668 5627 lnccudIum
690 5580 710 5635 (l
831 5579 961 5628 dominum
982 5578 1002 5637 Q
1135 5578 1166 5628 16
1186 5591 1327 5639 compressa
1348 5577 1369 5636 Q
1502 5575 1601 5626 18-10
1620 5592 1642 5625 a.
1662 5576 1695 5624 x.
1715 5575 1761 5623 XI.
1782 5574 1869 5632 omo

238 5661 270 5711 13
290 5660 406 5730 antiteta]
425 5678 472 5713 om.
496 5666 521 5711 I',
538 5668 606 5713 Acili
722 5661 877 5732 praeclarus]
896 5667 993 5714 actibus
1011 5672 1086 5728 atque
1105 5666 1164 5714 odd.
1183 5666 1296 5714 1.Αυίῖὶ
1401 5660 1485 5730 nocte]
1505 5664 1531 5710 ln
1551 5666 1662 5711 oratione
1680 5661 1737 5711 cdd.
1758 5661 1784 5708 V.
1801 5662 1869 5708 Acr'tr'
