4374 6186
886 412 1057 469 VENANTI
1075 412 1296 469 FORTVNATI

512 626 516 637 ·
546 625 559 662 .·»
613 603 688 669 iudo
711 604 771 669 iter
793 623 957 668 emensum
980 622 1038 687 per
1059 610 1153 669 vasta
1174 602 1301 668 silentia
1323 602 1444 669 ducens

612 706 791 790 progressis
814 705 928 788 sociis,
955 705 1010 771 ubi
1033 725 1069 772 se
1090 704 1306 771 Andethanna
1327 706 1534 790 propinquat.

612 829 686 876 eece
708 809 776 875 viro
798 809 919 894 insigni
942 829 1033 876 sacer
1055 808 1168 875 obvius
1191 809 1328 892 angelus
1351 809 1459 875 adstat

610 912 771 997 praesenti
793 913 949 995 alloquio,
975 911 1141 978 confessus
1163 910 1291 996 publice
1313 912 1439 993 vultus,

610 1023 706 1099 atque
728 1017 872 1082 revelata
894 1016 976 1081 faeie
999 1015 1046 1081 sic
1068 1015 1244 1081 cornminus
1266 1013 1353 1082 iniit:

510 1120 563 1179 π’
615 1124 728 1201 ‘quarn
750 1119 882 1199 merito,
909 1119 1061 1202 llartine,
1087 1119 1156 1184 loco
1179 1118 1388 1203 conpungeris
1410 1118 1487 1184 isto!

611 1244 670 1289 nec
692 1231 819 1308 poteras
842 1223 930 1288 exire
952 1223 1061 1305 aliter,
1088 1223 1150 1287 nisi
1172 1222 1262 1288 iussa
1283 1221 1432 1303 facessis,

610 1328 694 1392 inter
715 1333 884 1409 utrumque
906 1325 998 1392 nefas
1020 1333 1179 1392 mercatus
1201 1327 1317 1392 acerba
1339 1325 1468 1391 doloris.

610 1450 695 1495 nunc
716 1450 778 1514 age
801 1437 984 1496 constanter
1005 1449 1121 1514 repara
1143 1429 1267 1495 virtutis
1290 1430 1440 1496 honorem

612 1542 644 1600 et
665 1533 723 1599 tibi
746 1541 779 1599 te
802 1553 917 1600 revoca
938 1533 1114 1618 trepidum,
1140 1553 1181 1598 ne
1204 1533 1302 1599 noxia
1324 1533 1491 1617 frangant,

509 1662 514 1697 ;
610 1638 777 1721 glorians
799 1644 912 1722 pereat
933 1656 995 1701 neu
1018 1654 1171 1721 prospera
1193 1636 1319 1703 lubrica
1341 1635 1487 1721 perdant.

612 1748 700 1807 utere
722 1760 810 1806 more
833 1747 903 1821 tuo,
929 1747 961 1805 te
984 1738 1101 1805 deinde
1123 1739 1246 1806 redisce
1269 1740 1432 1824 magister.

610 1845 701 1910 fortis
723 1844 864 1910 athletae
886 1843 1012 1908 animos
1034 1862 1129 1908 casus
1151 1863 1215 1909 non
1237 1843 1342 1909 obruit
1363 1863 1463 1925 unus,

610 1949 716 2015 acrius
739 1947 917 2031 insequitur
939 1947 1062 2011 hostem
1085 1965 1200 2012 monus
1221 1947 1287 2012 icta
1309 1945 1418 2012 dolore

610 2054 772 2137 plagaque
794 2051 859 2116 fixa
881 2050 964 2116 solet
986 2057 1109 2115 mentes
1130 2070 1257 2115 armare
1280 2049 1390 2115 viriles

608 2163 705 2240 atque
728 2153 849 2240 pudore
871 2173 984 2221 recens
1007 2153 1122 2220 crescit
1143 2153 1212 2219 diro
1234 2154 1343 2219 ulcere
1365 2153 1467 2219 virtus

609 2280 647 2325 ac
671 2258 766 2324 datur
786 2256 945 2341 armigero
967 2256 1101 2323 victoria
1123 2256 1255 2322 vulnere
1279 2257 1414 2322 crebro'.

609 2362 750 2428 fraterno
772 2360 914 2443 alloquio
937 2360 983 2426 sie
1005 2360 1142 2444 angelus
1165 2359 1305 2445 explicat
1327 2379 1382 2425 ore

609 2472 641 2530 et
664 2465 733 2530 vice
756 2463 902 2546 germani
924 2462 1052 2528 monitis
1075 2462 1230 2527 animavit
1252 2468 1424 2528 amantem.

609 2573 699 2632 tanta
722 2573 772 2633 est
793 2586 871 2633 cura
892 2564 944 2631 dei
966 2566 1135 2631 lilartinum
1158 2565 1299 2631 avellere
1322 2565 1427 2651 lapsu.

510 2696 513 2705 ·
611 2670 743 2736 ulterius
766 2668 886 2753 synodo
908 2688 1013 2752 neque
1036 2688 1072 2734 se
1094 2669 1281 2754 permiscuit
1302 2669 1411 2734 insons

610 2773 799 2856 virtutisque
823 2792 900 2837 errae
923 2771 1049 2837 damnis
1072 2792 1156 2838 nova
1179 2772 1268 2838 luera
1290 2772 1424 2857 paravit.

696 2877 760 2941 iles
782 2875 896 2960 probat
915 2875 990 2959 ipsa
1012 2882 1138 2957 tamen,
1164 2895 1255 2942 sacro
1277 2876 1473 2942 venerabilis
1494 2884 1579 2943 actu.

609 2999 747 3062 namque
770 2978 812 3042 ad
834 2976 1064 3062 pseudoforum
1086 2978 1190 3044 cellae
1213 2977 1289 3043 dum
1312 2978 1480 3045 accederet
1501 3001 1616 3063 aeger,

610 3103 704 3166 quem
727 3082 811 3147 male
833 3081 975 3147 vexabat
996 3082 1129 3147 nimium
1151 3083 1220 3148 iera
1242 3081 1408 3157 daemonis
1431 3083 1478 3149 ira

509 3213 513 3247 :
608 3185 802 3268 ingenioque
824 3184 916 3268 gravi
938 3186 1107 3269 torquebat
1127 3184 1266 3267 iniquior
1288 3187 1417 3267 umbra,

608 3296 683 3355 ante
705 3288 892 3355 monasterii
913 3308 1009 3370 quam
1032 3287 1144 3353 limina
1165 3295 1311 3372 tangeret
1332 3288 1426 3372 almi,

610 3392 735 3459 Martini
758 3393 873 3458 faeiem
896 3391 1016 3475 refugit
1037 3392 1125 3457 ierus
1147 3392 1282 3475 hospitis
1304 3392 1404 3459 hostis

377 3589 473 3650 sulpic.
492 3588 555 3636 dial.
575 3588 627 3637 111.

272 3730 394 3792 palatium
411 3727 517 3788 inrupit.
556 3725 678 3789 spondet,
704 3725 727 3771 sl
745 3728 902 3785 parceretur,
929 3735 956 3770 se
974 3723 1231 3779 communicaturum,
1251 3722 1324 3771 modo
1342 3723 1378 3771 uti
1397 3728 1424 3772 st
1441 3724 1537 3775 tribuni
1554 3727 1604 3775 iam
1623 3726 1654 3775 ad
1672 3728 1798 3777 excidium
1817 3730 1902 3779 eccle·

273 3817 366 3863 siarum
385 3814 414 3860 ad
433 3813 569 3874 llispanias
587 3812 657 3859 missi
676 3809 870 3857 retraherentur.
909 3821 954 3856 neo
974 3796 1053 3869 mora,
1074 3806 1200 3855 Maximus
1218 3808 1334 3868 indulget
1351 3811 1443 3859 omnia.
1484 3810 1517 3873 (9)
1540 3812 1659 3873 postridie
1677 3812 1769 3862 Felicis
1787 3814 1904 3880 episcopi

272 3900 395 3952 ordinatio
412 3900 546 3961 parabatur
563 3926 605 3947 —.
643 3897 719 3945 buius
737 3895 785 3944 diei
806 3895 1006 3945 communionem
1024 3893 1147 3941 Martinus
1166 3895 1234 3953 iniit,
1255 3895 1334 3943 satius
1352 3896 1488 3946 aestimans
1506 3898 1537 3946 ad
1555 3898 1639 3948 horam
1656 3900 1744 3949 cedere
1761 3914 1838 3962 quam
1857 3903 1902 3952 bis

272 4002 322 4038 non
344 3987 487 4047 consulere,
515 3999 621 4047 quornm
646 3983 783 4031 cervicibus
807 3981 906 4041 gladius
930 3981 1078 4029 imminebat
1096 3996 1118 4028 e.
1139 3998 1161 4042 q.
1182 3995 1202 4031 a.
1245 3981 1276 4042 (3)
1303 3986 1455 4044 -postero
1478 3983 1520 4032 die
1541 3998 1568 4033 se
1592 3984 1652 4034 inde
1674 3987 1815 4050 proripiens
1838 4003 1900 4037 cum

271 4079 439 4124 reverteretur
458 4068 661 4133 (revertensdl')
688 4070 714 4117 in
740 4070 803 4116 viam
829 4075 854 4116 et
876 4069 909 4129 [et
927 4083 975 4118 orn.
991 4069 1048 4128 AF)
1077 4074 1187 4115 maestus
1211 4069 1408 4130 ingemesceret,
1436 4083 1463 4117 se
1486 4072 1526 4119 rel
1550 4071 1581 4119 ad
1604 4072 1689 4121 horam
1713 4073 1803 4122 noxiae
1828 4088 1899 4125 eem-

272 4162 386 4210 mnnioni
406 4160 485 4206 fuisse
503 4158 671 4219 permixtum,
693 4156 755 4203 haut
772 4157 846 4213 longe
865 4170 879 4201 a
896 4155 965 4216 vico,
986 4155 1026 4202 cui
1044 4167 1135 4201 nomon
1153 4159 1193 4201 est
1211 4153 1385 4215 Andethanna,
1406 4168 1456 4216 qua
1473 4161 1544 4205 vasta
1560 4158 1697 4209 solitudine
1715 4138 1836 4209 silvarum
1854 4174 1900 4212 se-

270 4252 337 4295 creta
361 4247 494 4307 patiuntur
515 4244 656 4305 (patescunt
674 4242 818 4301 Halmius),
844 4240 996 4302 praegressis
1020 4240 1155 4302 paululum
1179 4239 1312 4287 comitibus
1335 4240 1379 4288 ille
1403 4242 1531 4303 subsedit,
1557 4257 1657 4293 cauum
1681 4243 1773 4294 doloris
1790 4247 1899 4297 attacti

270 4337 403 4382 accusante
421 4344 450 4378 ac
468 4329 621 4377 defendente
638 4329 745 4375 invicem
763 4327 910 4387 cogitatione
928 4327 1085 4387 pervolvens.
1129 4330 1162 4387 (dl
1183 4326 1281 4374 adstitit
1298 4328 1321 4373 ei
1339 4331 1442 4389 repente
1460 4329 1576 4389 angelus:
1600 4331 1698 4393 merito,
1718 4332 1811 4396 lnquit,
1831 4332 1899 4383 liar-

269 4419 323 4465 tine
341 4414 522 4478 conpungeris,
551 4412 594 4461 sed
612 4413 685 4461 aliter
703 4413 771 4460 exire
790 4413 911 4474 nequisti.
949 4426 1036 4473 repara
1060 4412 1192 4467 virtutem,
1222 4425 1322 4459 resume
1347 4414 1526 4474 constantiam,
1552 4428 1585 4463 ne
1606 4416 1656 4465 ism
1678 4430 1728 4465 uon
1752 4418 1898 4479 perieulum

269 4504 372 4566 gloriae,
399 4501 444 4550 sed
468 4500 557 4548 salutis
581 4502 702 4549 incurras.
745 4499 776 4562 (e)
803 4501 889 4560 itaque
913 4499 943 4546 ab
962 4500 1007 4547 illo
1026 4505 1140 4559 ternpore
1159 4500 1219 4545 satis
1238 4500 1305 4546 cavit
1323 4513 1379 4546 cum
1397 4499 1443 4546 illa
1460 4499 1603 4549 ithacianae
1621 4502 1700 4564 partis
1718 4507 1897 4555 communione

270 4591 369 4638 misceri
388 4602 409 4637 e.
424 4603 446 4648 q.
462 4602 481 4633 s.
523 4586 556 4647 (6)
578 4585 686 4632 scdccim
705 4591 791 4646 postea
810 4587 876 4632 vixit
893 4598 986 4632 annos:
1008 4585 1102 4632 nullam
1122 4585 1243 4644 synodum
1262 4585 1333 4645 adiit,
1355 4585 1385 4632 ab
1403 4586 1520 4634 omuibus
1539 4589 1709 4650 episcoporum
1728 4592 1897 4641 conventibus

271 4688 297 4722 se
315 4675 431 4722 removit.

339 4761 381 4818 il,
403 4762 417 4808 1
438 4756 488 4806 Sed
506 4756 589 4819 plane,
611 4762 639 4804 ut
656 4757 755 4816 experti
775 4770 872 4814 snmus,
893 4756 1043 4803 inminutam
1062 4756 1091 4803 ed
1112 4760 1212 4819 tempus
1230 4757 1335 4816 gratiam
1354 4757 1521 4820 multiplicata
1539 4759 1652 4808 mercede
1671 4734 1804 4825 repararit.
1842 4764 1897 4813 vidi

339 5034 388 5084 366
407 5034 482 5084 sotiis
497 5031 538 5094 1²¹,
558 5032 631 5080 sotiis
649 5029 687 5079 Ρ2
791 5032 827 5079 ibi
844 5030 898 5078 ΒΜ
1000 5032 1158 5081 andethanna
1177 5033 1209 5093 B,
1230 5034 1409 5083 andenthauue
1427 5033 1460 5081 L¹
1564 5033 1614 5085 367
1633 5050 1692 5086 uero
1712 5036 1743 5084 1²¹
1848 5040 1895 5091 ob-

268 5120 382 5171 huiusP
484 5116 535 5167 368
552 5119 679 5179 praesenti
694 5113 750 5183 ΡΝ]
767 5124 900 5180 praesente
913 5118 964 5178 LS,
978 5122 1095 5180 presente
1109 5119 1140 5179 B,
1155 5133 1259 5181 presens
1273 5119 1301 5166 Μ
1404 5119 1454 5170 369
1473 5121 1584 5170 reualata
1599 5122 1623 5169 N
1708 5124 1744 5172 sic
1761 5138 1810 5174 urs.
1827 5123 1861 5174 Ρι

267 5211 296 5257 iit
316 5207 348 5256 Pl
464 5203 514 5254 376
533 5205 635 5251 martini
653 5204 676 5250 P
788 5207 956 5266 conpungeris
975 5208 1009 5254 sic
1027 5206 1097 5254 codd.
1221 5206 1267 5256 371
1290 5208 1379 5256 neuB
1494 5210 1589 5270 poteris
1607 5207 1648 5271 13¹,
1669 5223 1785 5272 properas
1806 5211 1855 5275 (Μ)

266 5296 365 5344 facissis
386 5291 427 5357 1²¹,
449 5294 557 5340 lacesses
574 5289 606 5337 1.¹
629 5289 671 5351 (cs.
692 5290 759 5350 Vcrp.
774 5291 838 5340 Aen.
859 5292 875 5337 1
880 5292 906 5354 V,
928 5293 986 5354 396)
1094 5291 1144 5340 372
1162 5307 1251 5342 acerne
1270 5293 1316 5343 MS
1420 5293 1470 5343 374
1488 5294 1650 5356 franguntN
1752 5295 1802 5345 377
1821 5296 1896 5347 athe·

265 5383 330 5430 letae
350 5381 387 5443 N,
416 5379 520 5428 athilete
540 5377 568 5425 M
714 5375 764 5424 378
783 5379 882 5425 acrinus
902 5378 926 5426 N
1064 5377 1114 5428 379
1132 5381 1226 5428 mentis
1244 5378 1276 5428 Ρι
1416 5381 1463 5431 381
1485 5387 1553 5431 tatur
1572 5382 1597 5430 lli
1733 5383 1842 5432 uicturia
1861 5382 1895 5432 Pi

266 5467 315 5515 382
334 5467 424 5526 spllcat
443 5463 474 5513 Ρ1
592 5462 641 5512 383
660 5466 772 5525 germani
791 5466 897 5513 munitis
916 5462 961 5527 1²2,
982 5467 1094 5526 germani
1113 5468 1222 5514 munitos
1244 5466 1284 5530 1²¹,
1305 5469 1451 5528 germanitis
1469 5469 1502 5530 B,
1520 5469 1671 5529 germanitas
1689 5466 1723 5514 [Α
1826 5483 1896 5519 ama·

265 5559 368 5602 nentem
388 5551 412 5599 N
549 5549 598 5598 385
617 5550 710 5609 synodo
728 5546 793 5616 w]
819 5551 905 5609 synodi
923 5552 976 5600 reli.
1001 5552 1090 5609 [sirrodi
1110 5552 1140 5613 B)
1282 5569 1309 5601 so
1333 5568 1380 5602 om.
1405 5553 1434 5600 Ρ1
1575 5554 1625 5604 388
1650 5557 1810 5617 uirtutesque
1829 5554 1895 5605 ΝΡ2

265 5637 314 5688 387
339 5650 384 5685 xvi
406 5636 494 5697 Plt'ld,
521 5637 613 5684 xan
750 5650 924 5684 usnnrurnvs
943 5651 1057 5686 ssuurrs
1079 5638 1101 5685 N
1245 5639 1295 5688 388
1320 5640 1479 5689 seudoiorum
1496 5639 1555 5687 BL¹
1699 5639 1747 5689 331
1775 5655 1824 5705 qna
1841 5640 1896 5689 ΒΜ

265 5722 313 5772 393
333 5718 425 5788 hostis]
443 5723 527 5784 hospis
548 5722 577 5770 nl
