4374 6186
972 400 1174 458 cnssnlnvn

515 613 545 656 55
599 591 644 656 515
665 612 805 675 alnoque:
838 593 911 676 ‘qui
934 593 1080 660 fundavit
1101 615 1172 660 eam
1196 602 1245 659 est
1267 593 1444 658 altissimus
1467 592 1564 677 ipse'.

683 695 764 761 haee
786 695 862 761 Sion
885 702 987 762 mater
1008 697 1098 780 virgo
1120 697 1223 763 Maria
1245 697 1315 763 fuit.

598 818 661 881 qua
682 805 834 881 tanquam
857 819 993 885 sponsus
1014 801 1157 866 thalamo
1179 800 1322 886 procedit
1343 801 1385 864 ab
1408 800 1482 865 alvo

682 903 868 986 exultatque
890 904 1006 988 gigans
1029 904 1175 971 Christus
1197 904 1302 970 eundo
1324 903 1421 968 viam.

596 1027 615 1071 ο
637 1006 719 1072 uteri
740 1007 919 1089 thalamus,
946 1029 1029 1073 nova
1051 1008 1169 1075 iunctio
1192 1009 1278 1074 faeta
1300 1007 1432 1090 salutis,

514 1133 544 1173 ao
682 1131 747 1194 qua
769 1110 849 1176 deus
871 1104 967 1194 atque
991 1132 1064 1178 earo
1085 1112 1196 1198 nupsit
1216 1112 1335 1178 honore
1357 1115 1455 1176 novo!

597 1213 682 1298 quod
704 1213 785 1281 dens
807 1215 976 1298 amplexus
998 1235 1125 1282 earnem
1148 1223 1213 1297 est,
1239 1236 1314 1282 earo
1335 1216 1445 1281 iuneta
1466 1215 1625 1287 cohaesit:

683 1323 746 1383 stat
768 1318 848 1384 deus
872 1325 904 1384 et
925 1319 1019 1384 homo
1041 1319 1076 1385 fit
1098 1319 1261 1403 Christus,
1288 1326 1455 1403 utrumque
1477 1338 1591 1404 genus.

597 1443 660 1487 non
682 1420 763 1488 deus
785 1421 818 1486 in
841 1442 968 1488 earnem
993 1430 1043 1489 est
1063 1444 1193 1490 versus:
1222 1424 1302 1491 dens
1324 1423 1442 1509 aoeipit
1463 1431 1568 1504 55555,

683 1546 746 1590 non
769 1544 804 1592 se
826 1533 1026 1611 permutans,
1053 1529 1111 1595 sed
1134 1527 1196 1594 sibi
1218 1529 1362 1594 membra
1383 1528 1513 1609 levans,

514 1651 544 1690 55
598 1629 689 1697 ouius
711 1648 774 1694 non
795 1636 920 1714 poterat
940 1630 1044 1697 deitas
1065 1639 1257 1717 peraperta
1278 1630 1399 1711 videri,

683 1733 831 1799 velamen
853 1733 990 1819 sumpsit
1011 1755 1105 1801 earne
1127 1734 1287 1802 videndus
1309 1736 1421 1818 homo,

597 1856 679 1902 unus
700 1836 733 1902 in
756 1837 912 1903 ambabus
933 1839 1073 1922 naturis,
1100 1859 1195 1905 vomo
1216 1839 1250 1904 in
1272 1839 1369 1924 ipsis,

682 1941 829 2024 aequalis
850 1941 945 2008 matri
967 1942 1057 2024 hino,
1084 1964 1143 2028 par
1165 1942 1284 2009 deitate
1306 1943 1407 2028 patri,

596 2064 660 2110 non
682 2064 742 2110 sua
763 2044 983 2129 confundens,
1010 2046 1072 2113 sibi
1093 2054 1203 2113 nostra
1226 2046 1285 2114 sed
1307 2046 1415 2112 omnia
1436 2054 1584 2122 nectens,

513 2170 543 2210 so
682 2169 776 2232 quern
799 2148 867 2216 sine
890 2157 1021 2235 peceato
1043 2150 1149 2235 gignit
1169 2152 1258 2235 origo
1280 2152 1399 2234 virum,

597 2252 637 2319 de
659 2259 750 2338 patre
772 2260 866 2318 natus
888 2253 1012 2321 habens
1035 2253 1147 2320 divina
1169 2254 1372 2339 humanaque
1394 2255 1522 2335 matris,

683 2356 723 2422 de
745 2363 836 2441 patre
859 2356 1024 2440 sublimis,
1051 2357 1091 2424 de
1114 2357 1277 2439 genetrice
1299 2358 1442 2424 humilis.

597 2458 724 2543 quando
746 2458 950 2545 incorporeus
972 2460 1025 2545 pie
1049 2460 1188 2546 eorporis
1211 2460 1315 2526 induit
1337 2468 1443 2543 artus,

682 2563 767 2629 unde
789 2562 935 2647 aequalis
957 2563 1069 2647 matri,
1094 2563 1130 2629 fit
1151 2564 1253 2631 minor
1273 2563 1348 2630 inde
1371 2563 1465 2650 patri.

514 2687 544 2728 55
598 2686 724 2732 earnem
747 2665 886 2731 animam
910 2686 985 2732 ossa
1007 2674 1111 2735 entem
1133 2687 1250 2734 nervos
1272 2688 1373 2734 venas
1395 2669 1499 2734 femur
1522 2688 1660 2751 ungues,

683 2771 816 2835 formam
840 2769 925 2836 servi
947 2769 1122 2837 adsumens
1145 2778 1194 2837 est
1216 2770 1318 2837 minor
1338 2771 1414 2838 inde
1436 2773 1547 2857 patris.

598 2872 656 2938 sed
678 2872 775 2939 redeo
796 2893 860 2957 qua
881 2872 972 2958 virgo
993 2873 1091 2940 trahit
1113 2873 1192 2940 mihi
1215 2874 1312 2941 laude
1335 2874 1498 2957 canenda,

684 2976 789 3059 qualis
811 2976 1000 3071 5551151515,
1026 2978 1117 3044 nulla
1138 2977 1246 3045 futura
1268 2979 1365 3044 venit.

605 3086 777 3165 ‘quemque
799 3081 914 3165 pluunt
936 3081 1038 3147 nubes
1059 3080 1178 3147 iustum
1201 3081 1242 3148 de
1264 3103 1333 3149 rore
1357 3101 1510 3168 supem03

515 3206 545 3246 5ο
684 3183 766 3250 haee
787 3183 978 3250 salvatorem
1002 3184 1145 3268 germine
1167 3192 1253 3251 terra
1274 3185 1389 3252 dedit'.

602 3285 699 3353 ‘haee
721 3293 813 3372 porta
835 3293 886 3353 est
907 3287 1035 3373 olansa,
1060 3288 1095 3354 in
1116 3309 1212 3373 quam
1233 3288 1331 3355 intrat
1352 3289 1401 3356 vir
1421 3310 1515 3356 nemo
1538 3310 1597 3356 neo
1619 3290 1701 3371 exit,

684 3389 716 3455 ni
740 3390 886 3457 dominus
909 3392 1013 3476 solus,
1040 3392 1091 3458 oui
1113 3413 1238 3477 quoque
1260 3393 1372 3459 olausa
1394 3396 1527 3479 patent'.

598 3495 687 3561 onius
710 3494 743 3560 in
765 3493 906 3560 adventu
929 3495 1043 3561 exiluit
1064 3495 1105 3562 de
1127 3503 1238 3563 ventre
1260 3498 1439 3578 Iohannes,

682 3598 791 3664 infans
813 3618 873 3665 neo
895 3606 990 3665 natus
1012 3620 1143 3666 munere
1166 3621 1282 3686 praeeo
1304 3621 1423 3682 novus,

514 3726 544 3764 55
598 3710 684 3769 trans
708 3708 832 3768 uterum
854 3701 965 3769 matris
987 3703 1081 3785 quasi
1103 3724 1161 3788 per
1183 3703 1362 3788 specularia
1385 3724 1535 3785 cernens,

685 3813 830 3872 materna
852 3813 884 3872 55
906 3826 1003 3890 puero
1026 3806 1170 3872 membra
1191 3807 1332 3874 fenestra
1354 3808 1424 3872 luit.

598 3910 724 3994 qnando
747 3909 906 3976 exultavit
928 3916 1070 3976 ventrem
1094 3909 1134 3976 de
1157 3917 1268 3976 ventre
1291 3911 1453 3994 salutans,

684 4014 760 4082 dum
783 4013 866 4099 pede
887 4034 951 4080 non
974 4015 1093 4099 potuit,
1119 4014 1258 4080 motibus
1280 4014 1318 4081 iit
1338 4014 1409 4081 iter.

598 4118 693 4185 oredo
715 4125 747 4186 et
769 4125 946 4203 prostratus
968 4117 1066 4183 iacuit
1087 4118 1277 4202 palmasque
1300 4118 1451 4200 totondit,

515 4242 544 4282 eo
684 4229 758 4288 ante
781 4220 1013 4306 redemptorem
1037 4221 1171 4306 parvula
1193 4221 1337 4287 membra
1357 4242 1501 4287 movens.

601 4325 831 4408 corrigiamque
853 4324 972 4410 pedum
995 4331 1044 4390 est
1066 4324 1157 4390 ouius
1179 4345 1241 4389 non
1264 4324 1389 4392 solvens
1412 4324 1547 4410 dignus,

687 4447 805 4514 pronus
828 4427 991 4510 adoravit,
1018 4427 1130 4511 eredo,
1156 4434 1311 4494 tremente
1334 4450 1428 4511 geno.

600 4532 717 4598 nobilis
738 4531 921 4614 Elisabeth,
949 4531 989 4597 de
1012 4553 1076 4616 qua
1098 4531 1184 4597 canit
1205 4532 1273 4596 alta
1295 4533 1509 4617 prophetans,

686 4636 767 4702 haeo
789 4642 941 4721 operante
964 4634 1023 4700 doo
1045 4634 1189 4720 germine
1212 4635 1300 4701 laeta
1322 4636 1435 4702 refert:

271 4873 682 4887 -n-————·-——-———·—

338 5038 448 5090 251511.
475 5040 519 5102 (ps.
534 5041 577 5099 86,
592 5040 616 5100 5)
732 5037 764 5087 27
784 5039 827 5100 qul
849 5035 924 5099 0²82,
946 5037 981 5098 cf.
1003 5038 1052 5087 135
1157 5036 1288 5085 5515555Ρ
1388 5040 1479 5098 psalm.
1502 5040 1579 5101 18,6
1692 5038 1724 5087 29
1743 5039 1862 5087 555515Ρ

266 5125 431 5177 1555151111ι
548 5124 854 5176 311555551551515151
956 5123 1105 5172 oohossitP
1219 5123 1250 5173 33
1270 5138 1358 5173 uersus
1377 5121 1451 5191 dous]
1469 5139 1557 5174 555555
1575 5125 1658 5174 55511
1760 5124 1896 5187 5555ρὶ50

269 5215 303 5265 31
322 5228 370 5264 non
390 5228 489 5276 semper
507 5217 608 5262 mutans
627 5228 649 5263 5.
669 5228 689 5262 5.
711 5227 744 5261 m.
766 5213 858 5261 lenosis
877 5212 899 5259 P
1002 5209 1035 5260 38
1054 5210 1094 5260 hio
1106 5209 1136 5261 8¹
1241 5210 1274 5260 12
1292 5211 1420 5272 gettieeP
1521 5211 1553 5260 11
1572 5212 1639 5260 undo
1657 5211 1706 5260 dd.
1721 5210 1752 5261 0.
1768 5211 1896 5259 Fabricius

269 5303 345 5365 (poet.
365 5302 423 5350 5551.
440 5316 468 5362 p.
482 5301 554 5362 687),
573 5303 653 5361 possis
672 5300 746 5347 matri
766 5299 833 5347 unde
852 5300 973 5361 aequalis,
994 5297 1036 5348 sed
1053 5298 1256 5347 homoeoteleuton
1273 5299 1421 5348 oswendam
1439 5299 1535 5347 videtur
1661 5297 1694 5347 16
1713 5298 1818 5347 turmam
1833 5296 1862 5351 ⁸N
1908 5330 1910 5334 -

267 5391 334 5453 patrl
353 5385 389 5434 (12
491 5401 543 5436 nou
560 5389 640 5448 stupis
658 5387 695 5434 tte
713 5399 798 5434 versus
817 5402 891 5448 quom
908 5402 932 5434 o.
954 5388 985 5432 11
1004 5387 1165 5434 mutationem
1183 5384 1292 5433 admittit
1396 5384 1429 5434 49
1449 5387 1496 5435 155.
1518 5387 1560 5448 15,
1580 5387 1596 5434 8
1701 5383 1731 5434 51
1754 5385 1796 5433 Es.
1817 5387 1860 5445 11,
1881 5387 1898 5433 2

268 5474 300 5524 52
319 5471 358 5542 51]
376 5477 427 5525 5151
448 5473 526 5524 mne
659 5473 833 5523 salomones
852 5469 903 5539 GS]
922 5472 1036 5521 iohannis
1055 5471 1128 5530 Poll
1262 5471 1294 5521 51
1313 5486 1360 5520 555
1378 5476 1452 5519 55555
1470 5468 1526 5538 PQ]
1544 5485 1591 5519 555
1609 5476 1745 5521 5555555555
1765 5470 1791 5533 (u
1808 5483 1896 5519 555555

267 5563 368 5624 tostam)
392 5561 421 5621 N,
449 5558 671 5624 5555551082,
697 5574 792 5610 555555
812 5558 841 5607 8¹
947 5558 977 5608 57
997 5558 1108 5607 salutans
1129 5558 1160 5607 o¹
1266 5558 1299 5607 58
1317 5560 1350 5606 ilt
1368 5554 1473 5623 Pon'o]
1491 5556 1576 5606 iures
1679 5557 1712 5607 60
1730 5557 1897 5606 redemtorem

269 5647 315 5708 ΟΝ
452 5647 482 5697 ot
502 5653 543 5697 555
560 5649 633 5697 55155
654 5643 734 5717 PQN]
753 5649 794 5696 551
813 5661 861 5697 non
880 5650 920 5695 est
938 5645 963 5709 S,
985 5645 1063 5693 estG
1202 5646 1306 5694 soluerit
1324 5645 1347 5695 P
1485 5643 1517 5693 62
1535 5659 1599 5705 geno
1617 5640 1736 5712 Ponet]
1753 5657 1821 5706 genu
1840 5639 1896 5691 ⁸0²

159 5795 164 5813 Ι
267 5733 300 5789 61
318 5736 429 5799 germina
447 5733 488 5788 Gs
