4374 6186
679 406 793 461 LIBER
811 407 862 461 DE
881 403 1115 461 VIRTVTIBVS
1134 403 1270 460 SANOTI
1288 403 1443 460 HILARlI.
1856 407 1876 469 9

249 595 412 661 lavacrum
435 596 576 662 Pictavis
603 597 670 661 illis
700 596 853 681 purificus
876 594 1021 661 lordonis
1049 596 1198 661 iuventus
1221 603 1271 661 est
1292 601 1325 660 et
1346 615 1408 660 nou
1431 594 1494 680 ipsi
1517 593 1560 659 ad
1581 593 1712 659 fluvium
1736 593 1794 659 sed
1816 592 1878 658 tlu-

249 700 321 764 1111
343 700 386 765 ad
408 701 495 784 ipsos
518 700 571 766 hic
593 701 739 766 occurrit.
780 698 871 777 Quae
894 705 959 763 tam
983 699 1213 783 praedicabilis
1236 699 1341 783 patuit
1362 698 1524 764 miseratio
1547 697 1746 780 confessoris,
1775 697 1878 780 quiet

249 803 392 868 laborem
408 803 575 887 longinqui
590 803 715 869 itineris
731 803 864 869 abstulit
879 811 912 868 et
926 803 1041 867 salutis
1056 810 1130 867 vota
1145 803 1295 886 porrexit.
1348 803 1409 885 (13)
1436 801 1463 867 Ο
1482 823 1578 884 quam
1593 802 1877 869 inaestimabilium

251 907 434 972 claruerunt
455 906 647 972 documenta
669 906 830 987 virtutum,
858 905 913 971 ubi
936 905 1099 990 sepulchri
1121 906 1298 971 munditiae
1322 905 1556 970 mundaverunt
1579 905 1723 970 maculas
1746 905 1874 989 leprae!

219 1009 350 1075 sCuius
373 1009 433 1075 hcc
455 1010 562 1075 facere
585 1030 662 1074 cura
684 1009 841 1093 potuisset
862 1009 1002 1090 artificis,
1029 1009 1084 1091 qui
1107 1008 1147 1074 de
1169 1009 1227 1074 tali
1246 1009 1379 1093 pulvera
1395 1008 1492 1074 ferret
1506 1008 1662 1074 beneficia
1676 1007 1879 1073 medicinact

255 1115 315 1195 (14)
343 1114 392 1177 Ex
415 1113 531 1196 quibus
548 1113 711 1180 Castorius
733 1111 887 1177 diaconus
910 1119 942 1177 et
957 1113 1083 1198 Crispio
1107 1112 1321 1177 subdiaconus
1344 1113 1508 1178 institutus
1530 1112 1573 1177 ad
1596 1113 1666 1177 eius
1689 1112 1878 1194 obsequium

250 1236 352 1298 usque
381 1217 415 1281 in
443 1215 539 1282 finem
570 1235 662 1282 suum
690 1236 748 1300 per
777 1236 871 1298 quem
903 1216 1008 1281 sanati
1037 1222 1111 1280 sunt
1140 1216 1371 1282 adhaeserunt:
1407 1222 1438 1281 et
1466 1216 1578 1281 mcn'to
1600 1216 1689 1281 illius
1712 1216 1880 1298 elegcmut

250 1320 409 1385 sustinere
431 1319 508 1402 iuga
530 1319 659 1402 domini,
686 1340 706 1384 a
729 1339 790 1401 quo
812 1340 915 1404 poena
938 1319 1032 1385 liberi
1055 1325 1128 1383 sunt
1151 1320 1268 1385 effecti.

340 1424 402 1506 (15)
429 1423 597 1500 Quaedam
626 1424 738 1508 puella
765 1424 798 1488 in
829 1423 912 1487 hanc
942 1423 1039 1488 vitam
1070 1424 1203 1487 venicus
1233 1423 1376 1488 dextram
1406 1430 1562 1488 mortuam
1592 1427 1735 1487 traxerat
1763 1420 1929 1486 naturaV

202 1549 231 1590 10
251 1526 408 1593 formante
431 1533 463 1592 et
485 1526 624 1592 debilem
648 1547 775 1591 manum
799 1527 832 1592 iu
855 1527 963 1611 specio
987 1526 1085 1609 glomi
1109 1527 1298 1609 colligerent
1320 1546 1487 1592 nervorum
1511 1527 1566 1590 1110
1588 1532 1763 1591 contracta:
1791 1524 1879 1590 fluxa

252 1650 310 1695 suo
334 1630 471 1695 stamine
494 1630 666 1713 digitorum
690 1632 756 1695 tela
778 1630 953 1695 marcebat.
994 1631 1084 1693 'lunc
1107 1648 1275 1695 occurrens
1298 1630 1341 1694 ad
1361 1629 1539 1694 beatissimi
1562 1629 1758 1714 sepulturam
1780 1628 1879 1694 inter-

252 1734 396 1799 cessione
420 1733 491 1799 eius
513 1734 678 1798 vivacibus
702 1740 752 1798 est
774 1732 888 1798 officiis
912 1732 1076 1797 ordinata:
1103 1732 1258 1816 paulatim
1282 1732 1408 1797 mobilis
1432 1732 1522 1816 vigor
1544 1732 1695 1798 articulos
1713 1737 1879 1816 stupentes

251 1843 283 1902 et
298 1856 422 1919 ungues
438 1836 582 1921 inrepsit.
637 1840 697 1920 (16)
725 1837 801 1900 Post
817 1837 914 1917 longa
929 1843 1073 1918 tempora
1088 1855 1201 1899 manus
1216 1835 1265 1899 illi
1280 1842 1356 1899 tunc
1371 1842 1447 1899 nata
1462 1842 1520 1915 est,
1546 1855 1616 1900 cum
1633 1835 1733 1900 sensit
1747 1855 1880 1899 muncra

252 1939 457 2005 confessoris:
498 1940 640 2005 extincta
670 1939 758 2004 venit
787 1939 898 2003 matris
928 1938 969 2002 ab
1001 1944 1108 2020 utero,
1141 1938 1217 2002 viva
1247 1938 1343 2002 rediit
1371 1938 1411 2003 de
1441 1939 1623 2024 sepulchro.
1670 1939 1753 2004 Ecce
1783 1958 1879 2022 quam

203 2067 232 2107 ιε
252 2043 345 2126 larga
367 2043 613 2108 remuneratoris
637 2048 687 2108 θεῖ
708 2043 822 2126 pictas,
850 2047 886 2105 ut
908 2061 991 2123 quae
1013 2047 1129 2106 natura
1151 2061 1214 2106 uon
1235 2041 1355 2124 genuit,
1382 2041 1435 2107 hic
1456 2042 1600 2107 membra
1623 2043 1803 2127 suppleret!

343 2149 404 2229 (17)
431 2147 500 2211 1100
521 2146 603 2211 illud
625 2145 755 2228 quidem
778 2144 954 2229 praeterire
978 2145 1141 2225 convenit,
1177 2144 1261 2227 quod
1291 2165 1386 2210 cacco
1409 2144 1496 2210 felici
1518 2153 1592 2230 post
1613 2154 1686 2212 vota
1709 2145 1875 2210 successit.
1900 2144 1945 2209 VI

251 2250 334 2313 Nam
362 2269 433 2313 cum
457 2250 497 2314 ad
520 2250 609 2315 beati
632 2249 763 2314 hlartini
787 2248 898 2312 limina
920 2268 977 2332 pro
1000 2249 1184 2333 recipiendo
1207 2249 1327 2313 lumine
1350 2255 1549 2333 properaret,
1583 2251 1616 2313 in
1639 2249 1740 2315 sancti
1762 2248 1879 2314 Hilarii

251 2353 448 2437 praeteriens
472 2353 626 2437 tcmplum
649 2353 817 2435 ingressus
841 2358 899 2416 cst.
947 2349 1017 2428 Quo
1041 2352 1116 2416 dum
1139 2351 1270 2434 vigilias
1293 2352 1398 2417 cilicio
1420 2353 1513 2417 solito
1535 2354 1750 2435 celebrarent,
1785 2372 1879 2417 mane

253 2457 336 2522 sacto
352 2457 471 2541 apertis
487 2456 588 2521 oculis
604 2457 673 2540 ipse
691 2455 775 2520 diem
792 2455 896 2540 coepit
910 2455 984 2520 aliis
999 2456 1156 2537 nuntiare,
1184 2455 1238 2537 qui
1253 2475 1381 2539 semper
1396 2456 1513 2539 egebat
1527 2455 1649 2521 audire.
1695 2457 1755 2538 (18)
1783 2454 1880 2539 Apud

203 2583 233 2626 10
253 2579 346 2643 quern
378 2580 442 2624 una
469 2579 532 2624 uox
564 2567 649 2640 erat,
682 2559 832 2625 tenebras
861 2558 919 2623 illa
944 2566 1038 2625 nocte
1060 2558 1221 2644 purgavit.
1268 2557 1330 2636 Qui
1352 2580 1525 2642 numquam
1548 2560 1673 2624 viderat
1693 2564 1880 2624 omameuta

252 2664 333 2746 diei,
373 2664 478 2747 coepit
511 2663 559 2727 illi
592 2683 694 2728 novus
724 2664 771 2728 εο1
800 2662 899 2727 nasci.
952 2661 1049 2746 Apud
1078 2663 1169 2726 illurn
1199 2668 1273 2727 tunc
1302 2661 1459 2728 fabricata
1487 2669 1561 2728 sunt
1590 2663 1712 2741 omnia,
1750 2662 1879 2743 quando

252 2787 359 2832 eorum
384 2767 500 2832 meruit
520 2766 630 2832 videre
654 2766 821 2831 facturam.
869 2766 933 2847 En,
962 2773 996 2830 ut
1018 2766 1064 2830 ita
1088 2765 1214 2847 dicam,
1240 2767 1379 2848 quodam
1402 2765 1496 2831 modo
1518 2774 1590 2851 post
1613 2787 1648 2833 se
1670 2767 1719 2831 illi
1741 2764 1880 2830 mundus

252 2878 302 2936 cst
323 2876 426 2951 natus,
455 2890 525 2934 cunr
547 2871 651 2935 factus
668 2876 717 2935 est
730 2870 870 2953 agnitus.
924 2871 985 2951 (19)
1012 2868 1137 2933 Caecus
1152 2869 1195 2934 ad
1211 2869 1340 2934 fratrem
1357 2870 1426 2934 cius
1442 2870 1616 2935 festinabat
1630 2870 1792 2951 accedere,
1818 2868 1880 2934 iste

250 2974 284 3039 in
312 2994 370 3038 suc
392 2975 511 3057 templo
535 2973 686 3057 dignatus
709 2980 758 3038 est
779 2973 980 3038 inluminare.
1030 2973 1157 3050 Quanta
1179 2973 1277 3038 micat
1298 2974 1403 3056 gratia
1424 2972 1602 3055 donatoris,
1637 2973 1691 3058 qui
1714 2972 1882 3058 praevenit

203 3101 233 3141 11
253 3077 417 3144 desideria
439 3078 672 3162 supplicantist

344 3183 405 3263 (111)
432 3178 517 3257 Quid
541 3181 636 3245 etiam
661 3180 793 3263 dignum
816 3181 953 3245 referam
977 3179 1018 3244 de
1041 3186 1107 3244 tam
1130 3181 1233 3263 regali
1256 3181 1417 3266 mysterio,
1445 3181 1531 3264 quod
1550 3184 1591 3248 ab
1608 3182 1677 3267 ipso
1693 3182 1790 3247 estin
1805 3200 1882 3264 rege
1903 3179 1965 3246 VII

253 3286 423 3350 conlatum.
471 3285 619 3366 Denique
649 3283 854 3350 Chlodoveus
883 3283 959 3347 dum
989 3291 1097 3349 contra
1127 3284 1322 3350 haereticam
1352 3292 1480 3368 gentem
1510 3292 1710 3370 pugnaturus
1739 3291 1881 3350 armatas

252 3390 338 3454 acies
361 3388 594 3467 commovisset,
623 3387 730 3451 media
752 3393 843 3451 nocte
865 3385 981 3451 meruit
1002 3385 1043 3450 de
1066 3386 1203 3451 basilica
1225 3387 1312 3452 beati
1335 3388 1396 3452 viri
1414 3389 1523 3454 lumen
1540 3410 1635 3474 supcr
1651 3408 1686 3454 se
1701 3389 1881 3454 venientem

252 3491 437 3576 adspicere,
473 3491 672 3569 admonitus,
705 3496 739 3554 ut
766 3489 957 3554 festinanter
987 3489 1130 3554 sednon
1153 3489 1221 3555 sine
1244 3492 1438 3556 venerabilis
1461 3493 1522 3558 loci
1545 3493 1686 3558 oratione
1709 3492 1880 3558 adversum

203 3620 233 3659 ao
253 3595 363 3660 hostes
386 3593 621 3659 conflictaturus
645 3593 865 3658 descenderet.
914 3595 976 3676 (21)
1003 3592 1097 3668 Quod
1118 3593 1175 3658 illc
1191 3593 1363 3676 diligenter
1378 3596 1552 3660 observans
1568 3602 1601 3662 et
1615 3597 1757 3661 oratioue
1772 3615 1881 3661 occur-

254 3717 328 3762 rens
350 3703 440 3762 tauta
462 3696 675 3781 prosperitate
697 3696 798 3760 altero
820 3715 877 3779 pro
900 3715 935 3760 se
958 3702 1139 3778 pugnaturo
1159 3697 1316 3780 processit
1330 3696 1372 3761 ad
1386 3698 1517 3777 bellum,
1544 3705 1579 3763 ut
1593 3699 1677 3764 intra
1691 3699 1801 3763 horam
1817 3696 1882 3763 dici

255 3800 382 3865 tertiam
415 3800 499 3864 ultra
528 3799 668 3862 humana
696 3806 771 3863 vota
801 3798 965 3863 sortiretur
993 3799 1168 3862 victoriam.
1216 3800 1277 3864 Vbi
1306 3801 1477 3866 multitudo
1507 3803 1698 3868 cadaverum
1722 3802 1820 3867 colles
1842 3821 1883 3866 ex

254 3922 289 3969 se
313 3904 385 3968 visa
408 3901 450 3967 sit
474 3901 625 3967 erexisse.
666 3903 749 3966 Ecce
774 3901 955 3967 terribiliter
978 3901 1180 3967 formidanda
1195 3904 1344 3987 prodigia
1361 3911 1393 3969 et
1409 3903 1883 3988 delectabiliteramplectenda

254 4007 418 4072 miracula.
467 4006 581 4069 Parum
606 4005 653 4069 illi
676 4005 736 4070 fuit
758 4026 815 4089 pro
838 4006 951 4071 solatio
974 4006 1061 4088 regis
1085 4007 1211 4090 signum
1234 4007 1403 4073 ostendere
1426 4009 1565 4090 luminis,
1596 4009 1660 4075 nisi
1682 4016 1792 4094 aperte
1814 4027 1883 4073 mo-

202 4135 234 4175 us
253 4111 339 4176 nitus
354 4109 535 4175 addidisset
550 4115 581 4173 et
595 4108 694 4174 vocis.
746 4112 806 4192 (21)
835 4109 957 4173 Similis
975 4109 1134 4192 quaedam
1150 4110 1282 4193 contigit
1296 4111 1490 4177 Israhelitici
1506 4113 1658 4197 temporis
1674 4111 1769 4177 huius
1786 4129 1884 4176 causa

153 4252 155 4256 ι
252 4213 389 4279 11110110.
429 4214 512 4277 Nam
536 4212 581 4277 ibi
604 4213 752 4276 columna
775 4212 861 4295 iguis
878 4221 1107 4297 praecesserat,
1136 4213 1189 4278 hic
1203 4214 1307 4296 ligura
1322 4215 1482 4299 lampadis
1498 4215 1701 4281 admonebat.
1729 4216 1732 4298 )
1757 4214 1881 4279 Vellem
1903 4215 1981 4282 VIll

253 4337 364 4399 nosse,
393 4338 448 4382 cur
471 4316 568 4380 fuerit
589 4315 669 4380 tanti
691 4316 815 4380 ardoris
839 4323 996 4381 secretum
1019 4318 1206 4400 mysterium
1230 4324 1348 4383 ettam
1372 4318 1577 4384 manifestum
1600 4318 1769 4403 prolatum.
1817 4316 1883 4382 Sed

253 4429 403 4504 quantum
428 4421 498 4504 ipso
514 4420 691 4504 inspirante
707 4420 818 4485 videor
832 4439 1008 4502 agnoscere
1024 4441 1087 4484 nou
1102 4422 1226 4486 tacobo.
1279 4424 1340 4504 (13)
1368 4424 1486 4488 Contra
1504 4422 1684 4487 haereticas
1700 4421 1786 4486 acies
1803 4420 1885 4485 sicut

252 4525 327 4589 olim
350 4526 384 4589 in
406 4544 536 4608 corpore
558 4544 621 4588 non
645 4524 784 4589 cessavit
806 4524 919 4608 spiritu
943 4523 1111 4590 dimicare:
1139 4524 1291 4590 credebat
1310 4525 1372 4591 sibi
1389 4534 1498 4591 contra
1512 4525 1696 4590 Halaricum
1711 4523 1882 4589 Arriauum

201 4652 232 4691 ro
254 4628 368 4694 iterum
392 4628 496 4693 redire
520 4627 754 4694 Constantium.
798 4625 926 4704 Quanta
948 4634 997 4692 cst
1018 4627 1067 4691 illi
1090 4646 1217 4713 semper
1239 4648 1295 4712 pro
1318 4630 1405 4695 cultu
1429 4629 1605 4695 catholicae
1627 4627 1791 4711 religionis
1813 4626 1882 4691 avi-

340 4853 351 4902 1
373 4857 487 4917 pectauis
508 4853 539 4901 0¹
663 4852 722 4922 non]
744 4870 791 4905 cm.
814 4858 836 4903 A
957 4855 1052 4902 fluuius
1070 4855 1100 4902 ad
1119 4851 1200 4921 ipsos]
1218 4856 1281 4916 ipsis
1299 4857 1393 4904 hunius
1415 4857 1453 4918 (Α)
1584 4854 1599 4904 2
1618 4858 1676 4916 quis
1695 4855 1717 4902 A
1838 4854 1881 4916 qui

252 4948 277 4988 et
294 4968 329 4977 -
346 4938 462 5008 abstulit]
479 4947 559 4988 ut-
577 4943 709 4991 abstulerit
727 4944 749 4988 A
906 4941 920 4989 3
940 4942 1061 5003 perduxit
1080 4943 1102 4988 A
1258 4941 1273 4990 4
1292 4944 1430 4990 mundities
1450 4943 1471 4988 A
1628 4942 1829 4989 mundanarum
1850 4937 1882 4987 0¹

253 5027 367 5088 ticriapo
386 5028 409 5075 A
531 5026 709 5077 8dominiiti
832 5028 929 5076 9hanc
947 5024 1038 5093 uitam]
1056 5027 1182 5075 habitaA
1297 5034 1393 5078 mortua
1410 5056 1446 5066 -
1462 5030 1609 5077 formantem
1628 5028 1651 5075 A
1774 5027 1804 5075 10
1823 5040 1882 5088 spe-

252 5109 339 5179 cie]G
436 5114 503 5174 globi
520 5114 548 5176 G,
564 5116 599 5176 cf.
621 5115 647 5162 V.
666 5115 816 5165 Germanic.
834 5117 865 5163 15
962 5115 1124 5173 colligeratA
1221 5115 1324 5162 tluon
1432 5115 1462 5164 13
1481 5111 1554 5180 tunc]
1572 5113 1657 5163 crn.A
1764 5109 1795 5160 18
1814 5111 1882 5172 uigi-

253 5200 300 5246 liae
318 5200 391 5247 solito
410 5200 596 5248 celebrarentur
615 5203 697 5250 clerici
716 5203 823 5250 manea
931 5199 961 5249 19
981 5196 1057 5266 iacto]
1075 5214 1122 5250 om,
1139 5200 1162 5247 A
1266 5200 1299 5249 21)
1317 5198 1379 5267 uua]
1398 5217 1496 5263 semper
1514 5200 1571 5249 cdd.
1590 5200 1631 5261 (A)
1735 5199 1778 5246 tlla
1796 5211 1847 5247 nox
1860 5198 1883 5244 A

253 5284 286 5332 22
305 5283 348 5349 cu]
367 5291 393 5332 et
409 5285 450 5346 (A)
558 5287 590 5335 2³
610 5288 640 5335 ad
660 5290 759 5336 tratrem
780 5284 846 5354 eius]
868 5288 923 5347 GA,
944 5288 974 5335 ad
993 5288 1061 5335 beati
1079 5288 1179 5335 martini
1198 5287 1328 5335 ecclesiam
1346 5291 1414 5348 vulp.
1521 5286 1554 5336 ul
1572 5281 1678 5350 templo]
1695 5289 1806 5345 tempore
1825 5282 1848 5329 A

254 5372 375 5419 luminare
389 5372 410 5417 A
511 5372 542 5420 27
562 5371 724 5441 chlodoueus]
739 5376 768 5435 G,
789 5375 922 5422 elodoueus
934 5389 977 5422 rex
992 5375 1021 5434 A,
1043 5374 1077 5433 cf.
1098 5374 1199 5435 Gregor.
1218 5374 1279 5423 Tur.
1296 5375 1361 5424 Hict.
1378 5376 1419 5422 Fr.
1435 5375 1473 5433 ΙΙ,
1489 5375 1522 5421 37
1627 5371 1659 5421 28
1679 5365 1836 5436 uenientem]
1848 5371 1880 5430 A,

254 5460 410 5506 uenieussas
426 5458 456 5518 0,
471 5461 505 5522 cs.
518 5465 613 5520 portem
628 5462 650 5522 1,
663 5478 690 5522 p.
705 5462 754 5508 107
852 5459 885 5510 29
904 5466 928 5509 ct
941 5462 1053 5508 monitus
1066 5461 1096 5520 G,
1112 5460 1190 5509 aedat
1204 5464 1230 5508 in
1243 5463 1320 5510 litora
1417 5460 1449 5509 30
1468 5464 1642 5521 praecurrente
1656 5459 1679 5506 A
1777 5456 1809 5505 33
1828 5458 1884 5504 uisa

253 5548 293 5592 est
314 5544 352 5604 (Α)
478 5544 511 5593 34
532 5548 686 5608 1110111111(Α)
811 5546 843 5595 35
862 5543 1020 5613 israhelitici]
1039 5548 1202 5597 hisraheliticl
1221 5548 1307 5610 populi
1327 5548 1350 5595 A
1462 5546 1565 5595 haecG
1687 5543 1719 5594 36
1738 5539 1818 5609 iguis]
1835 5557 1883 5591 nu·

253 5633 290 5679 bis
313 5630 345 5677 0¹
449 5628 539 5697 ligura]
561 5634 612 5694 (A),
634 5636 739 5697 figurate
760 5634 781 5680 (i
885 5633 917 5682 37
936 5635 1061 5696 ploratum
1083 5634 1104 5682 0
1220 5633 1253 5684 38
1271 5636 1382 5696 spirante
1404 5635 1425 5682 (1
1542 5632 1573 5681 39
1593 5626 1741 5696 baltricum]
1763 5630 1792 5689 G,
1813 5628 1884 5689 hyla·

253 5719 317 5766 rlum
337 5717 360 5763 A
463 5717 649 5768 suracusas

332 5817 460 5858 Vuuaurrra
474 5817 627 5860 ronanam.
1659 5821 1674 5870 2
