4374 6186
751 430 952 488 estimavit
971 431 1189 488 SPVRIORVM
1206 425 1408 487 APPENDIX.

471 947 543 1026 Qua
564 946 711 1014 Christus
732 947 812 1012 hora
835 946 931 1027 sitiit,
1274 949 1393 1014 crimen
1416 949 1458 1015 sit
1480 956 1515 1014 ut
1537 947 1701 1014 fastidium

471 1070 597 1117 erucem
619 1050 672 1117 vel
693 1049 728 1116 in
750 1070 815 1135 qua
837 1049 955 1131 subiit,
1274 1051 1438 1135 virtusque
1460 1050 1667 1117 desiderium.

472 1173 552 1236 quos
575 1160 718 1238 praestat
738 1153 774 1219 in
796 1153 858 1219 hae
878 1154 1020 1239 psallere

471 1255 553 1324 ditet
573 1255 628 1323 siti
649 1255 804 1322 iustitiae.
1273 1256 1443 1324 charisma
1464 1257 1567 1324 saneti
1589 1255 1720 1342 spiritus

1274 1361 1321 1426 sie
1341 1360 1455 1426 influat
1476 1359 1707 1445 psallentibus,

406 1483 418 1520 ⁵
471 1461 596 1540 Quibus
620 1463 661 1528 sit
683 1469 715 1529 et
737 1463 877 1545 esuries,
1274 1470 1309 1529 ut
1331 1450 1435 1529 earnis
1457 1469 1566 1529 aestus
1589 1462 1707 1545 frigeat

472 1586 568 1650 quam
590 1566 660 1651 ipse
683 1565 723 1632 de
746 1586 782 1632 se
804 1567 917 1650 satiet,
1274 1574 1307 1632 et
1328 1565 1444 1633 mentis
1466 1566 1558 1649 algor
1580 1565 1714 1630 ferveat.

1054 1927 1103 1991 XI

603 2103 616 2137 ι
645 2104 660 2137 ι
687 2081 755 2147 fieri
778 2101 836 2147 nos
858 2080 914 2164 qui
936 2079 1026 2146 dedit
1047 2101 1120 2148 esse
1143 2089 1303 2165 sacratas,

685 2183 775 2249 vivat
796 2191 829 2250 et
849 2183 921 2269 ipse
943 2187 1059 2249 saeer’.
1107 2183 1221 2268 dieque
1245 2184 1375 2250 sinistra
1398 2203 1496 2249 soror.

603 2287 677 2353 ‘lux
698 2294 772 2369 tua,
798 2288 957 2370 salvater,
983 2287 1043 2353 tali
1065 2308 1123 2373 pro
1145 2307 1277 2354 munere
1299 2287 1408 2370 eingat

684 2411 748 2457 ιιοιι
770 2389 829 2457 tibi
850 2388 904 2473 qui
927 2389 1062 2455 statuit.
1109 2391 1221 2474 quinta
1243 2390 1418 2475 quidinde
1440 2394 1551 2456 taeesi

533 2517 545 2555 s
602 2495 728 2560 ‘lumen
750 2493 958 2560 inextinctum
981 2493 1044 2576 sis,
1071 2513 1127 2559 rex
1149 2494 1249 2576 bone,
1276 2513 1403 2579 semper
1425 2499 1460 2558 ut
1480 2500 1572 2578 epte;

684 2596 766 2664 haee
787 2603 820 2664 te
842 2616 943 2680 parva
964 2597 1040 2663 lieet
1062 2603 1137 2663 vota
1158 2617 1286 2664 movere
1308 2604 1438 2681 queant.

599 2700 710 2767 ordine
731 2698 861 2767 lucifluo
883 2699 1016 2785 dignum
1040 2720 1138 2786 eepe,
1164 2699 1281 2783 victer,
1307 2701 1484 2767 honorem’.

685 2805 766 2870 haee
787 2823 849 2887 ego
871 2823 955 2886 quae
977 2803 1101 2870 media:
1129 2803 1233 2870 subde
1255 2804 1398 2871 secunda
1419 2822 1569 2886 sequens.

603 2894 767 2974 ‘omnibus
789 2907 823 2972 in
845 2906 974 2991 populis
998 2926 1113 2972 nemen
1135 2905 1200 2972 sibi
1222 2906 1363 2972 vindieet
1383 2906 1502 2971 almum

518 3031 546 3070 ιο
685 3011 796 3094 largus
819 3017 852 3076 et
871 3008 926 3075 hie
946 3010 1063 3075 dator'.
1111 3008 1188 3093 quid
1211 3008 1323 3091 mede,
1349 3016 1479 3092 quarta,
1506 3008 1584 3074 siles
1593 3015 1607 3072 i

604 3118 776 3198 ‘perpetuo
799 3111 918 3179 Christi
940 3112 1059 3196 dignus
1080 3100 1207 3179 tueatur
1228 3132 1369 3179 amorem

684 3215 746 3280 iste
769 3213 821 3280 dei
844 3215 970 3280 eultor'.
1018 3214 1131 3280 ultima
1153 3213 1266 3281 dextra
1288 3213 1381 3281 refer.

603 3317 822 3402 ‘magnifieum
845 3337 955 3402 regem
977 3325 1034 3384 tua
1056 3338 1129 3382 nam
1153 3318 1268 3384 virtute
1292 3337 1423 3397 terena,

685 3427 718 3487 te
739 3440 833 3505 rego,
858 3421 946 3487 eelse
968 3418 1073 3487 deus'.
1121 3421 1259 3506 septima
1281 3420 1390 3504 sieque
1412 3421 1506 3505 petis.-

335 3705 357 3752 X
376 3704 467 3752 Daniel
487 3702 541 3764 ip.
559 3703 608 3751 169
626 3699 662 3761 es.
684 3699 723 3746 IV
738 3716 764 3760 p.
781 3701 830 3747 176

335 3791 373 3838 xl
391 3804 420 3838 ea
438 3789 492 3839 eod.
515 3788 602 3849 Repia.
627 3788 692 3834 1709
713 3785 796 3847 (Ovid.
817 3784 889 3847 sest.)
910 3784 932 3845 s.
955 3782 1017 3833 190⁰
1042 3784 1118 3834 edidit
1137 3785 1245 3833 Lectius
1260 3800 1287 3846 p.
1302 3787 1352 3833 384
1374 3786 1430 3848 (XI,
1452 3787 1504 3847 29).
1542 3785 1563 3847 s.
1587 3785 1649 3834 190'
1671 3789 1778 3835 eontinet
1794 3792 1894 3848 praeter

267 3879 291 3941 1,
308 3881 339 3925 u
357 3881 379 3926 ei
398 3877 433 3938 11,
451 3878 477 3934 6,
496 3879 522 3923 11
537 3890 575 3937 eq.
599 3873 648 3937 (redi
664 3872 729 3936 vide)
749 3873 764 3920 7
783 3870 888 3919 dissecta
905 3876 928 3919 et
945 3871 1101 3921 tetrastichon
1119 3872 1148 3920 de
1166 3873 1330 3934 evaapeiietr'e,
1351 3872 1372 3933 f.
1395 3870 1456 3920 120⁰
1472 3877 1569 3933 praeter
1586 3874 1625 3921 11
1640 3887 1724 3921 veretra
1742 3872 1861 3935 quaedem
1878 3889 1894 3921 α

268 3964 403 4012 Menate
421 3975 471 4010 nea
488 3964 570 4010 minus
587 3961 679 4009 eliense
819 3956 829 4006 i
851 3961 909 4006 ante
927 3959 981 4005 fleri
1005 3958 1156 4018 dipnoeeiter
1173 3959 1195 4006 it
1332 3956 1348 4006 6
1367 3953 1479 4024 mouere]
1503 3972 1603 4008 monere
1741 3957 1756 4005 'i
1775 3958 1893 4007 honorem

267 4044 389 4114 Lectius]
407 4048 498 4096 honore
612 4045 628 4095 8
645 4040 721 4110 quae]
738 4045 782 4107 qui
899 4043 925 4092 11
947 4044 1052 4104 dignum
1071 4044 1178 4092 laetius
1293 4043 1323 4092 12
1341 4043 1407 4092 refer
1426 4040 1545 4111 Lucitas]
1562 4046 1669 4094 retertur
1775 4044 1806 4095 14
1824 4040 1894 4111 rogo]

267 4134 474 4196 pretereuntem
609 4131 745 4181 euticetem
764 4135 799 4178 eet
817 4128 938 4179 distichoa
956 4132 1014 4178 item
1032 4145 1048 4177 α
1067 4130 1158 4178 butio
1176 4128 1268 4178 editum
1287 4130 1318 4177 da
1336 4129 1399 4178 deus
1418 4138 1446 4178 ut
1463 4131 1544 4192 pulsis
1565 4132 1634 4194 (atris
1652 4129 1767 4192 expulsis
1786 4129 1893 4178 Lectius

266 4232 317 4267 nen
329 4223 399 4281 recte]
421 4225 503 4267 nostro
521 4218 552 4264 de
570 4217 642 4265 eorde
660 4217 772 4264 tenebris
793 4217 796 4280 i
817 4228 914 4278 semper
931 4217 1070 4263 inextincto
1089 4217 1168 4265 simus
1186 4214 1317 4277 splendore
1335 4218 1430 4266 eorusei
1521 4221 1648 4279 praeterea
1662 4215 1769 4264 tectim
1787 4214 1892 4275 V111‚s

266 4303 342 4352 edidit
360 4302 484 4352 Aldtelmi
506 4303 536 4351 de
559 4301 633 4351 leude
656 4303 806 4362 vispinttatie
828 4301 1011 4362 praefationem
1028 4302 1130 4350 Mettica
1148 4303 1240 4349 tirones
1258 4314 1279 4351 e.
1300 4318 1322 4364 p.
1344 4317 1364 4351 a.
1387 4302 1481 4366 (Mipne
1500 4304 1534 4351 89
1550 4318 1576 4362 p.
1592 4304 1662 4364 939),
1690 4316 1763 4364 quam
1779 4300 1822 4348 tos
1840 4302 1893 4348 toeo

265 4403 337 4438 nemo
355 4391 460 4452 requiret
