4374 6186
935 403 1154 460 FOR'PVNATI
1174 404 1376 461 CARMlNVld

616 639 620 649 ·
682 595 768 659 nuda
790 594 971 660 maritalem
994 595 1132 660 calcavit
1153 596 1264 680 planta
1286 616 1428 661 cruorem

767 698 950 781 blandaque
972 698 1130 763 transibat
1152 698 1250 763 fratre
1272 700 1398 764 iacente
1421 718 1519 764 soror.

683 807 792 885 raptus
815 802 856 865 ab
879 801 1029 886 amplexu
1052 801 1164 865 matris
1186 822 1266 886 puer
1287 822 1341 867 ore
1364 802 1533 886 pependit,

768 903 920 969 funereas
943 905 1073 987 planctu
1096 923 1156 969 uec
1178 903 1269 969 dedit
1290 905 1376 969 nllus
1399 924 1511 987 aquas.

683 1015 767 1072 sorte
789 1010 881 1090 gravi
903 1007 1008 1072 minus
1030 1013 1080 1071 cst
1101 1007 1168 1072 nati
1191 1007 1237 1071 sic
1258 1007 1393 1091 perdere
1415 1007 1531 1072 vitam:

770 1109 909 1196 perdidit
931 1118 963 1175 et
984 1111 1134 1175 lacrimas
1156 1117 1259 1175 mater
1280 1110 1400 1175 anhela
1421 1111 1505 1193 pias.

683 1233 745 1278 non
768 1233 907 1296 aequare
930 1234 1013 1294 quoo
1035 1214 1087 1279 vel
1109 1213 1247 1278 barbara
1270 1213 1389 1278 femina
1411 1212 1520 1279 fletum

770 1324 946 1398 cunctaque
969 1323 1130 1398 guttarum
1152 1323 1276 1382 maesta
1298 1323 1409 1382 natare
1432 1317 1517 1381 lacn.

684 1419 817 1503 quisquc
841 1439 916 1484 suos
938 1419 1052 1483 habuit
1074 1419 1185 1500 fletus,
1211 1440 1272 1502 ego
1295 1419 1364 1484 sola
1386 1419 1444 1484 sed
1466 1439 1593 1492 omncs:

771 1530 821 1587 ost
842 1522 920 1586 mibi
943 1522 1088 1606 privatus
1110 1521 1259 1607 publicus
1281 1522 1339 1587 illc
1362 1522 1463 1587 dolor.

602 1651 632 1684 ·:‚
686 1626 847 1690 consuluit
868 1625 995 1690 fortuna
1017 1625 1095 1690 viris
1118 1644 1197 1709 quos
1219 1625 1356 1710 perculit
1376 1625 1496 1704 hostis;

773 1735 807 1792 ut
828 1726 937 1793 flerem
961 1728 1083 1792 cunctis
1107 1749 1170 1793 una
1192 1734 1356 1812 superstes
1378 1749 1451 1810 ago.

687 1852 745 1895 nec
767 1830 870 1894 solum
893 1829 1051 1896 extinctos
1074 1850 1169 1912 cogor
1190 1832 1303 1913 lugere
1325 1830 1534 1916 propinquos:

772 1934 830 1997 bos
852 1954 995 2016 quoque,
1021 1951 1100 2016 quos
1122 1933 1238 1998 retinet
1259 1932 1328 1998 vita
1348 1934 1506 2016 benigna,
1533 1935 1612 2018 fleo,

687 2057 785 2121 sacpc
808 2036 868 2100 sub
892 2043 1016 2101 umecto
1039 2034 1204 2100 conlidens
1226 2036 1349 2101 lumina
1370 2038 1478 2115 vultu;

773 2160 935 2204 murmura
958 2140 1069 2203 clausa
1091 2140 1193 2204 latent
1215 2160 1274 2204 noc
1295 2161 1369 2205 mea
1391 2160 1468 2205 cura
1488 2148 1583 2207 tacet.

688 2250 797 2327 specto
821 2243 942 2324 libone,
969 2241 1111 2325 aliquam
1135 2243 1162 2307 si
1185 2243 1308 2308 nuntiet
1330 2264 1409 2308 aura
1431 2245 1587 2326 salutem,

773 2346 926 2427 nullaque
950 2346 990 2410 de
1014 2344 1136 2410 cunctis
1159 2346 1272 2410 umbra
1293 2347 1435 2430 parentis
1457 2347 1561 2424 adest.

689 2450 778 2514 cuius
800 2449 833 2513 in
857 2456 988 2533 aspectu
1011 2457 1120 2514 tenero
1143 2449 1271 2513 solabar
1292 2469 1401 2515 amore

775 2552 870 2617 solvit
891 2552 932 2616 ab
956 2552 1108 2636 amplexu
1131 2571 1199 2616 sors
1222 2551 1352 2617 inimica
1373 2573 1458 2618 meo.

605 2702 628 2713 -.
689 2676 747 2732 an,
774 2654 858 2737 quod
879 2655 912 2718 in
935 2653 1061 2719 absenti
1083 2661 1114 2719 tc
1137 2674 1197 2720 nec
1218 2675 1292 2720 mea
1314 2674 1389 2719 cura
1411 2657 1586 2740 remordet,

777 2758 926 2821 affectum
949 2757 1076 2822 dulcem
1100 2756 1202 2821 eladis
1224 2778 1335 2822 amara
1355 2758 1451 2823 tulitl

691 2860 744 2925 vel
768 2881 889 2926 memor
912 2866 997 2941 esto,
1023 2858 1087 2924 tuis
1109 2859 1283 2944 primaevis
1305 2861 1411 2943 qualis
1432 2863 1475 2927 ab
1497 2862 1608 2945 annis,

776 2956 1023 3042 Hamalafrede‚
1048 2962 1108 3028 tibi
1129 2969 1204 3027 tunc
1227 2963 1438 3046 Radegundis
1461 2985 1566 3047 eram,

691 3073 844 3150 quantum
867 3086 918 3131 mc
941 3065 1102 3148 quondam
1124 3065 1228 3131 dulcis
1251 3066 1406 3132 dilexeris
1428 3067 1535 3133 infans

778 3169 872 3235 etde
895 3169 992 3234 fratre
1015 3168 1117 3253 patris
1138 3175 1231 3245 nate,
1257 3169 1396 3254 benigne
1418 3191 1545 3255 parens.

691 3272 778 3355 qnod
800 3280 892 3357 pater
914 3271 1072 3337 extinctus
1095 3277 1236 3355 poterat,
1263 3273 1347 3355 quod
1370 3279 1472 3339 mater
1494 3274 1624 3357 baberi,

778 3377 973 3473 quod'soror
995 3382 1051 3439 aut
1073 3375 1172 3439 frater
1192 3383 1225 3440 tu
1249 3376 1329 3441 mihi
1351 3377 1438 3441 solus
1461 3396 1542 3442 eras.

693 3499 810 3564 prensa
832 3478 894 3563 piis
916 3479 1066 3544 manibus
1089 3479 1152 3544 ben
1174 3478 1295 3543 blanda
1317 3500 1375 3564 per
1397 3480 1508 3545 oscula
1530 3480 1676 3563 pendens

778 3583 942 3648 mulcebar
963 3582 1092 3666 placido
1114 3582 1233 3647 famine
1256 3603 1356 3666 parva
1378 3590 1443 3648 tuo.

692 3685 746 3750 vix
770 3692 839 3750 erat
860 3686 893 3749 in
916 3686 1072 3770 aprutium,
1099 3705 1161 3769 quo
1183 3692 1215 3750 te
1238 3684 1344 3749 minus
1366 3686 1446 3750 bora
1467 3685 1617 3765 referret;

779 3790 910 3854 saecula
932 3810 1017 3854 nunc
1039 3789 1182 3872 fugiunt,
1208 3808 1268 3854 nec
1289 3794 1346 3854 tua
1367 3790 1467 3855 verba
1487 3789 1565 3855 fero.

693 3895 861 3960 volvebam
884 3893 1014 3958 rabidas
1036 3892 1132 3958 inliso
1155 3893 1189 3957 in
1212 3899 1339 3977 pectore
1361 3911 1472 3975 curas,

779 4019 838 4063 ceu
860 3997 1072 4077 revocareris,
1098 3996 1226 4079 quando
1248 3997 1300 4062 vel
1324 3997 1426 4078 unde,
1452 4015 1579 4080 parens.

693 4104 720 4168 si
743 4109 834 4186 pater
856 4108 912 4166 aut
934 4099 1080 4183 genetrix
1103 4107 1159 4165 aut
1179 4099 1271 4182 regia
1293 4120 1369 4165 cura
1390 4100 1536 4182 tenebat,

779 4225 849 4269 oum
873 4204 1050 4269 festinabas
1072 4204 1137 4268 iarn
1160 4203 1239 4268 mibi
1260 4203 1372 4269 tardus
1395 4221 1477 4268 erae.

693 4328 761 4375 sors
784 4315 853 4373 erat
872 4307 1042 4387 indicium,
1069 4307 1146 4391 quia
1168 4314 1200 4372 te
1223 4306 1299 4384 cito,
1328 4326 1419 4387 care,
1445 4324 1603 4384 carerem3

778 4412 965 4497 inportunus
988 4431 1076 4476 amor
1097 4409 1201 4476 nescit
1223 4411 1341 4475 babere
1364 4408 1431 4474 diu.

694 4516 792 4580 anxia
813 4515 971 4596 vexabar,
999 4515 1026 4579 si
1048 4535 1112 4579 non
1134 4513 1248 4579 domus
1271 4533 1335 4577 una
1356 4513 1503 4594 tegebat,

781 4619 965 4702 egrediente
988 4617 1065 4682 foris
1088 4618 1182 4683 rebar
1203 4616 1311 4682 abisse
1333 4617 1453 4700 procul.

428 4932 530 4982 28-30
548 4933 680 4980 admoneat
699 4932 804 4980 Seuerus
824 4932 908 4991 Oedtp.
931 4933 1032 4979 56-59
1137 4930 1170 4979 29
1189 4944 1278 4977 manus
1298 4929 1322 4976 Σ
1426 4928 1459 4977 30
1478 4927 1592 4990 perdedit
1611 4925 1645 4973 ΣΙ

580 5020 611 5068 32
632 5027 720 5068 nrrtarc
739 5018 764 5066 Σ
902 5017 934 5065 33
953 5019 1069 5078 quisquis
1088 5016 1123 5063 Σ1
1251 5017 1305 5063 suis
1324 5014 1349 5062 Σ
1469 5015 1549 5062 omnin
1569 5013 1613 5063 Bt.

360 5020 384 5066 Σ
395 5020 437 5068 nr.

362 5106 394 5153 35
414 5120 476 5167 quas
495 5107 539 5153 ur.

359 5195 433 5240 beata
452 5193 494 5240 cr.

361 5278 384 5326 Σ
388 5277 394 5312 ¹
406 5279 450 5327 br.

359 5362 423 5430 erat]
442 5366 541 5412 uixerat
559 5364 583 5411 Σ
594 5366 637 5412 Br.

359 5453 424 5500 illiso
444 5451 480 5498 Σὶ

359 5539 392 5588 59
411 5543 521 5600 genitrix
535 5540 578 5588 Br.

358 5625 390 5674 64
410 5627 475 5673 iores
494 5627 537 5675 Br.

360 5716 441 5775 (noras
458 5728 510 5762 nou
527 5714 662 5775 emendavi)

647 5106 750 5166 percolit
768 5102 803 5151 Σ1
919 5105 951 5153 36
970 5105 1029 5165 sort.
1050 5109 1151 5151 cunctos
1255 5115 1312 5160 agor
1331 5100 1355 5148 Σ
1470 5099 1500 5148 3Ί
1521 5113 1614 5160 quogor
1633 5098 1657 5145 Σ

613 5192 645 5240 39
664 5193 779 5239 hunrocto
798 5191 916 5238 collidens
936 5188 1024 5240 ΣῑΒτ,
1142 5189 1175 5236 lc
1194 5189 1277 5236 clades
1296 5186 1321 5234 Σ
1433 5185 1465 5234 48
1483 5185 1651 5234 hamalefrede
1671 5185 1713 5232 Bc.

573 5277 605 5325 uu
625 5278 731 5340 quodam
750 5276 785 5324 ΣΙ
908 5278 941 5325 50
960 5284 1029 5340 patro
1048 5277 1127 5322 nutris
1147 5275 1191 5333 2²¹,
1212 5279 1281 5335 patre
1299 5274 1375 5336 patrls
1395 5270 1430 5319 2⁸²
1551 5270 1584 5319 54
1603 5272 1701 5318 demine
1721 5269 1765 5319 nr.

1751 4926 1781 4975 31
1803 4924 1903 4994 fletum]
1923 4929 1982 4976 fletu

1755 5010 1788 5061 34
1805 5014 1920 5073 priuatae
1941 5014 1981 5063 ltu.

1772 5097 1805 5147 38
1823 5101 1931 5160 benigna
1949 5095 1985 5164 Σ]

1828 5185 1985 5244 radegundes

1888 5270 1921 5318 55
1940 5272 1985 5317 uix

772 5361 811 5430 in]
829 5362 889 5421 sort.
909 5365 935 5412 id
1070 5364 1182 5424 spacium
1202 5361 1226 5407 Σ
1364 5359 1396 5407 57
1416 5359 1512 5407 rabidas
1531 5354 1590 5423 lla]
1607 5358 1704 5418 lapides
1723 5354 1767 5414 Σῖ,
1787 5357 1896 5419 lapidem
1915 5354 1950 5403 ΣΙ

619 5451 651 5500 58
670 5448 832 5516 reuocarcrls]
856 5465 970 5498 reuocare
994 5465 1032 5498 rec
1052 5449 1095 5506 ΣΙ,
1125 5463 1238 5496 reuocare
1261 5461 1327 5496 rores
1345 5444 1390 5506 Σὶ,
1420 5459 1549 5494 reuocaret
1572 5446 1609 5492 eis
1628 5444 1671 5492 nr.
1702 5446 1756 5505 (osu
1774 5444 1791 5490 t.
1812 5456 1831 5490 e.
1853 5440 1983 5503 quomodo)

699 5537 727 5586 61
751 5534 814 5603 sors]
832 5536 892 5596 sort.
913 5540 962 5585 fors
984 5538 1009 5598 (t.
1030 5552 1051 5583 e.
1073 5537 1186 5596 sonasse)
1305 5533 1338 5582 62
1356 5535 1515 5595 importunus
1535 5528 1624 5580 atur.

1739 5528 1782 5574 din
1801 5524 1838 5593 Σ]
1855 5527 1922 5575 diem
1941 5526 1985 5577 ur.

670 5627 741 5672 rebar
766 5626 847 5673 abisse
871 5620 966 5689 procul]
990 5623 1115 5685 reparabis
1133 5635 1232 5670 sonoras
1252 5619 1295 5680 ΣῙ,
1323 5621 1477 5682 reperculsse
1495 5631 1566 5666 noras
1586 5613 1629 5676 Σ),
1658 5621 1682 5663 te
1700 5614 1828 5677 perlitasse
1846 5627 1920 5662 nocua
1940 5612 1984 5664 nr.
