4374 6186
312 372 356 436 VI
1010 381 1240 472 Pseonmvu.

314 602 449 684 Denique
472 621 538 663 com
557 604 690 666 Pierrtius
713 608 870 685 episcopus
894 607 932 666 ab
955 608 1012 670 luc
1035 609 1099 669 lucc
1123 612 1293 692 mr'qrussct,
1320 611 1405 690 apud
1423 613 1561 673 Parisios
1584 615 1734 674 ciuitatem
1754 617 1939 694 Poscentius,

316 723 369 801 qui
390 729 460 784 trcnc
483 721 561 783 ubba
584 732 650 785 erut
673 725 817 787 basilicae
839 730 939 788 suncti
953 729 1072 808 Helori,
1099 731 1127 789 ei
1148 730 1278 792 succedit
1302 749 1343 791 ccc
1366 733 1452 792 r'ussu
1468 734 1549 814 reqis
1567 731 1766 814 Cburiberthr',
1793 735 1944 797 clamante

315 839 481 923 Arrctropr‘o
504 841 563 904 sr'hr'
583 844 662 905 breue
686 845 825 907 redebere
848 848 954 909 [ocrem.
1003 846 1092 912 Idem
1120 847 1241 932 pietate
1272 855 1449 914 commotus
1479 858 1605 934 poetam
1636 871 1772 935 urguere
1798 872 1861 917 non
1886 853 1943 918 de-

315 960 410 1041 stitit,
447 966 481 1025 ut
514 960 571 1026 ‘de
594 962 719 1027 actibus
742 964 949 1030 sacratissimi
973 966 1044 1031 viri'
1075 966 1219 1032 libellum
1248 976 1464 1051 componeret,
1498 968 1533 1034 id
1555 969 1642 1053 quod
1663 971 1857 1037 Fortunatus
1879 992 1943 1038 non

313 1080 434 1158 renuit,
470 1082 530 1148 etsi
565 1083 780 1166 ‘aequabilius
811 1083 933 1167 luerat,
968 1087 1048 1151 haec
1078 1087 1172 1152 heato
1195 1087 1364 1153 Ambrosio
1394 1087 1435 1154 de
1457 1088 1556 1155 fratre
1580 1089 1751 1156 scribenda
1773 1090 1939 1173 mandare,

312 1201 361 1264 cui
397 1201 496 1266 verha
529 1204 698 1268 virtutihus
732 1203 901 1270 coniuncta
934 1204 1113 1271 florebant'.
1167 1206 1268 1284 Quem
1300 1208 1405 1273 locum
1433 1208 1482 1272 illi
1512 1209 1727 1293 protulerunt,
1765 1212 1819 1293 qui
1849 1212 1941 1278 Vitae

312 1323 497 1407 scriptorem
528 1332 624 1407 poeta
653 1325 859 1390 vetustiorem
891 1325 991 1390 luisse
1023 1325 1269 1407 contenderunt,
1304 1327 1483 1410 imperfecti
1510 1331 1660 1410 (lor-ebant
1683 1350 1813 1414 prorsus
1836 1331 1937 1411 obliti,

313 1463 353 1508 ex
383 1462 445 1525 quo
467 1443 683 1527 intellegitur,
718 1446 928 1510 Fortunarum
952 1445 1042 1509 illum
1066 1453 1137 1530 post
1160 1447 1321 1511 Ambrosii
1344 1456 1476 1512 mortem
1500 1449 1679 1533 scripsisse.
1727 1450 1839 1533 Neque
1866 1459 1942 1535 ‘pa-

313 1571 428 1629 storem
453 1563 723 1646 antiquissimum
748 1565 864 1629 Hilarii
889 1566 1065 1649 discipulus
1088 1575 1326 1650 praeceptorem
1349 1567 1516 1652 appellare
1538 1569 1706 1653 potuisset.
1751 1571 1844 1636 Certe
1867 1571 1942 1636 Vita

313 1684 346 1750 S.
366 1684 494 1763 Hilarii,
517 1692 552 1748 ut
567 1685 730 1752 Reinkens
746 1707 776 1750 v.
795 1706 824 1750 e.
843 1686 961 1768 aliique
978 1693 1061 1751 recte
1079 1693 1266 1766 statuerunt,
1288 1708 1307 1751 a
1324 1686 1481 1752 Venantio
1497 1688 1671 1754 Fortunato
1687 1691 1863 1775 composita
1879 1698 1938 1774 est,

312 1804 425 1870 eodem
450 1804 503 1886 qui
527 1804 643 1870 librum
667 1804 707 1870 de
731 1805 901 1871 virtutibus
925 1806 1069 1871 eiusdem
1094 1807 1195 1871 sancti
1220 1805 1359 1891 scripsit.
1408 1806 1565 1890 Pleraque
1588 1829 1671 1890 quae
1695 1811 1735 1875 de
1758 1810 1791 1875 S.
1817 1811 1941 1876 Hilario

313 1925 432 2005 retulit,
459 1924 634 2008 eSulpicio
650 1924 769 1990 Severo
792 1926 908 2004 hausit,
934 1927 999 1990 alia
1022 1926 1159 2009 epistola
1181 1926 1296 1990 Hilarii
1320 1926 1528 2010 suppositicia
1551 1928 1592 1992 ad
1607 1929 1726 1994 Abram
1749 1929 1847 1995 filiam
1864 1930 1941 1995 data

313 2044 539 2131 suppeditasse
570 2045 713 2123 videtur,
751 2051 846 2128 ‘quae
877 2052 1003 2111 tenetur
1026 2047 1166 2111 Picta-vis
1197 2066 1253 2130 pro
1284 2066 1415 2111 munere
1438 2048 1653 2114 conservata'.
1700 2050 1788 2115 Haec
1811 2050 1941 2132 quidem

310 2167 420 2252 periit,
456 2165 514 2230 sed
543 2164 645 2229 altera
674 2173 797 2247 exstat,
830 2165 863 2229 in
894 2166 1055 2231 codicibus
1086 2167 1206 2232 libellis
1229 2166 1393 2232 Fortunati
1424 2167 1606 2247 subiuncta,
1641 2189 1737 2250 quam
1766 2169 1842 2251 quin
1868 2169 1940 2253 ipse

311 2287 466 2374 opusculo
496 2306 553 2351 suo
584 2285 753 2366 adiecerit,
790 2286 921 2351 dubium
951 2306 1014 2351 non
1038 2291 1131 2369 esth.
1179 2287 1311 2352 Praeter
1333 2285 1462 2351 fabulas
1484 2287 1677 2352 Fortunatus
1698 2288 1780 2355 nihil
1802 2289 1877 2354 novi
1900 2288 1941 2355 de

311 2409 344 2475 S.
371 2408 494 2472 Hilario
528 2406 700 2472 memoriae
733 2406 883 2484 tradidit;
921 2407 1071 2491 operibus
1105 2407 1187 2487 eius,
1227 2426 1310 2489 quae
1343 2406 1496 2472 historiae
1530 2407 1768 2474 ecclesiasticae
1802 2407 1938 2474 fructum

310 2550 462 2614 magnum
486 2528 600 2607 lerunt,
630 2527 770 2591 studium
793 2527 916 2592 nullum
940 2527 1080 2607 navavit,
1108 2546 1148 2591 ne
1172 2547 1243 2591 eam
1266 2525 1395 2609 quidem
1419 2547 1514 2609 quam
1537 2527 1764 2612 Hieronymus,
1790 2527 1839 2593 De
1862 2527 1939 2593 viris

308 2653 356 2717 ill.
383 2672 411 2716 c.
441 2654 500 2713 100
535 2647 640 2712 Vitam
670 2647 785 2712 Hilarii
817 2648 945 2731 scripsit
973 2647 1101 2712 novisse
1130 2647 1267 2712 videtur.
1315 2647 1428 2729 Itaque
1460 2667 1543 2729 quae
1574 2655 1679 2713 exstat
1712 2647 1786 2713 Vite
1816 2668 1834 2713 e
1865 2647 1940 2713 Sul-

310 2772 413 2857 picio,
447 2768 591 2853 epistolis
614 2767 696 2832 lictis
719 2767 902 2849 fabulisque
925 2767 1146 2832 consarcinata
1168 2767 1301 2831 multum
1325 2767 1418 2832 ahest
1440 2767 1517 2850 quin
1538 2767 1705 2832 Fortunati
1727 2766 1855 2833 laudem
1880 2787 1939 2833 ex-

309 2893 421 2959 tollere
443 2888 554 2975 possit.

395 3011 491 3076 Liber
514 3007 555 3074 de
578 3006 759 3087 virtutihus,
786 3006 840 3088 qui
864 3006 897 3070 in
920 3006 1083 3073 codicibus
1107 3007 1211 3073 Vitam
1236 3006 1389 3090 sequitur,
1420 3016 1534 3092 poetae
1557 3026 1629 3073 esse
1652 3027 1717 3073 nna
1738 3007 1806 3073 iore
1830 3006 1937 3092 opinio

309 3142 367 3201 est.
415 3130 587 3212 Prologum
618 3127 674 3210 qui
702 3126 867 3212 praecedit
888 3128 1082 3192 Fortunatus
1110 3127 1224 3192 iterum
1248 3127 1418 3193 Pascentio
1445 3147 1551 3211 papae
1575 3127 1797 3211 ecclesiaeque
1824 3128 1940 3210 (Picta-

300 3254 426 3321 viensis
461 3250 543 3332 scil.)
579 3249 813 3314 habitatoribus
841 3248 971 3313 dicavit.
1025 3247 1062 3312 ln
1094 3268 1156 3329 quo
1186 3248 1259 3314 libri
1289 3248 1403 3332 prioris
1432 3246 1561 3330 quidem
1591 3246 1785 3314 mentionem
1815 3248 1938 3314 nullam

304 3376 393 3455 lecit,
429 3392 488 3438 nec
519 3390 597 3435 sanc
627 3368 735 3434 iacere
763 3368 880 3452 potuit,
914 3389 985 3433 cum
1009 3369 1050 3433 de
1073 3388 1106 3435 re
1129 3389 1257 3453 prorsus
1281 3369 1347 3434 alia
1370 3375 1531 3451 ageretur.
1578 3367 1662 3432 Nam
1685 3367 1718 3432 in
1741 3367 1823 3433 libro
1845 3368 1938 3434 Vitae

309 3496 365 3562 ‘do
388 3493 524 3560 actibus'
548 3490 582 3556 S.
607 3488 722 3554 Hilarii
745 3488 882 3572 scripsit,
909 3489 942 3553 in
965 3488 1137 3572 posteriore
1165 3493 1262 3572 ‘quae
1285 3488 1447 3573 praesenti
1470 3495 1612 3572 tempore
1634 3487 1790 3553 miracula
1812 3487 1939 3554 miseri-

304 3636 374 3684 cors
397 3610 545 3700 praehuit
567 3609 688 3694 cupivit
709 3608 868 3692 indigenti
890 3609 1140 3675 memoriaenon
1157 3608 1329 3674 fraudare'.
1371 3609 1510 3691 Vterque
1526 3607 1654 3690 quidem
1670 3608 1752 3673 liber
1767 3607 1809 3674 de
1824 3607 1937 3673 eodem

304 3739 338 3805 S.
359 3735 482 3802 Hilario
506 3731 703 3815 conscriptus
726 3737 786 3807 est,
813 3729 872 3794 sed
893 3731 975 3794 alter
997 3749 1049 3795 res
1073 3749 1158 3794 saec.
1177 3728 1232 3807 IV,
1259 3729 1341 3795 alter
1364 3749 1449 3794 saec.
1468 3729 1512 3793 VI
1534 3735 1645 3812 gestas
1667 3727 1819 3794 continet.
1866 3728 1935 3794 lta-

303 3879 366 3944 que
389 3853 475 3939 quod
498 3852 669 3936 scriptores
693 3849 767 3916 hist.
791 3850 853 3914 litt.
871 3851 985 3915 Franc.
1005 3850 1029 3928 I,
1051 3853 1125 3930 301,
1151 3849 1268 3915 librum
1292 3850 1385 3915 Vitae
1408 3855 1577 3933 propterea
1598 3867 1618 3913 a
1641 3846 1798 3913 Venantio
1821 3848 1937 3914 Fortu-

303 3986 378 4046 nato
400 3972 677 4053 abiudicaverunt,
703 3970 788 4053 quod
811 3971 881 4035 eius
902 3971 936 4034 in
952 3970 1115 4035 Miraculis
1138 3971 1219 4036 ratio
1243 3971 1334 4036 nulla
1356 3969 1467 4035 hahita
1490 3969 1541 4048 sit,
1569 3975 1654 4033 stare
1670 3966 1801 4034 minime
1815 3973 1931 4052 potest.

303 4101 384 4168 Cum
407 4093 658 4161 vetustissimum
682 4091 767 4174 quod
789 4091 983 4156 Fortunatus
1006 4091 1114 4156 retulit
1137 4092 1325 4157 miraculum
1349 4088 1567 4157 chlodovechi
1588 4095 1732 4172 tempore
1755 4087 1931 4171 contigerit,

309 4216 502 4306 ‘praesentis
524 4211 689 4298 tomporis'
715 4211 832 4277 limites
855 4212 963 4295 aliquo
987 4212 1080 4276 modo
1103 4219 1325 4294 transgressus
1349 4217 1408 4276 est.

390 4335 534 4403 Eandem
559 4354 625 4399 rem
649 4354 689 4398 ex
712 4331 772 4397 hoc
797 4332 877 4397 libro
901 4331 1076 4416 Gregorius
1092 4330 1298 4406 Turonensis,
1326 4330 1366 4393 H.
1384 4331 1437 4394 Fr.
1456 4329 1499 4410 ΙΙ,
1520 4331 1558 4392 37
1584 4327 1775 4412 repetivisse
1794 4326 1932 4408 videtur,

302 4461 357 4548 qui
380 4459 477 4526 etiam
499 4456 533 4520 in
557 4455 646 4520 Glor.
672 4453 764 4520 Conf.
791 4474 819 4518 e.
847 4453 1003 4519 alibrum
1027 4452 1067 4518 de
1089 4451 1261 4517 virtutihus
1284 4449 1448 4515 laudavit:
1482 4449 1529 4512 Ad
1552 4452 1649 4530 cuias,
1675 4445 1787 4529 inquit,
1815 4449 1935 4512 beatum

301 4581 495 4668 sepulchrum
519 4579 631 4640 urultue
654 4577 771 4660 qru'clcm
796 4579 923 4638 cu'rtutcs
946 4583 1083 4637 osten-suc
1105 4582 1293 4649 recreantur,
1319 4591 1396 4654 quus
1419 4571 1495 4633 liber·
1514 4572 1594 4632 vitae
1609 4571 1674 4632 eius
1690 4576 1832 4631 conterret.
1875 4569 1935 4631 Sed

302 4715 403 4770 lumen
434 4702 492 4762 <ltro
524 4701 637 4781 leprosi
666 4701 697 4759 iu
721 4697 821 4758 codem
845 4698 906 4758 loco
931 4696 1070 4756 nrurrdctr'
1091 4702 1163 4757 ssent
1198 4691 1398 4772 (Fortunatus
1421 4709 1450 4755 c.
1475 4688 1545 4772 IV).
1600 4687 1716 4752 Mirum
1746 4694 1809 4769 est,
1847 4686 1934 4771 quod

302 4825 428 4902 librum,
455 4839 550 4904 quem
574 4817 697 4883 amicus
720 4816 908 4900 composuit,
935 4814 1003 4880 sine
1026 4814 1164 4879 auctoris
1186 4811 1315 4877 nomine
1334 4810 1511 4894 adlegavit,
1539 4807 1597 4874 secl
1612 4806 1723 4893 procul
1739 4806 1834 4873 dubio
1851 4806 1934 4874 Gre-

301 4945 382 5033 gorii
412 4939 638 5026 neglegentiae
661 4937 738 5003 vitio
762 4936 904 5002 dandum
928 4942 991 5017 est,
1027 4933 1214 5019 praesertim
1238 4952 1309 4998 cum
1331 4931 1448 4996 librum
1475 4930 1589 4994 ‘vitae’
1613 4926 1809 5008 laudaverit,
1842 4926 1934 4993 illum

304 5066 361 5134 ‘tle
384 5060 568 5130 virtutibus'
592 5057 796 5125 intellexerit.

388 5186 574 5251 Sermonem
598 5153 768 5264 postquam
792 5179 978 5258 Bollandus,
1006 5179 1074 5242 Ah.
1101 5174 1159 5241 SS.
1186 5175 1255 5240 Ian.
1282 5173 1307 5252 I,
1335 5193 1367 5256 p.
1394 5172 1467 5252 785,
1502 5169 1854 5249 Browerumsecutus,
1882 5167 1933 5233 di-

301 5329 429 5378 versum
452 5327 472 5370 a
495 5301 658 5369 hliraculis
681 5300 714 5366 in
739 5298 811 5364 Vita
835 5297 1086 5384 deprehendisse
1110 5297 1171 5362 sibi
1194 5294 1283 5360 visus
1306 5300 1366 5372 est,
1391 5274 1456 5355 non
1478 5287 1660 5369 defuerunt,
1686 5286 1741 5372 qui
1760 5287 1820 5354 hoc
1835 5307 1935 5372 argn-

301 5438 407 5499 mento
436 5426 623 5494 niterentur.
671 5422 703 5486 Is
731 5419 860 5505 (quidem
885 5418 995 5484 statuit
1017 5418 1224 5483 Fortunatam
1248 5421 1374 5500 poetam
1398 5411 1503 5476 Vitam
1527 5430 1547 5474 a
1569 5409 1657 5474 Iusto
1680 5407 1819 5491 quodam
1840 5426 1933 5493 pres·

387 5694 412 5754 4,
433 5691 483 5741 titt
504 5690 669 5738 Fortunarum
689 5688 771 5747 ipsum
792 5681 924 5746 epistolem
944 5683 1049 5730 duxisse
1068 5680 1258 5739 contenderunt,
1279 5682 1309 5724 nt
1327 5674 1455 5733 Gillotlus,
1478 5671 1616 5721 Scultetus.
