4374 6186
803 408 998 464 APPENDIX
1019 410 1065 468 (ll.
1085 407 1139 463 AD
1156 407 1359 470 IVSTINVMi.

516 619 546 657 55
600 582 690 662 euius
713 598 822 681 opima
842 597 924 663 tides
946 597 1086 664 Orientis
1109 598 1150 663 ab
1173 617 1235 662 ane
1257 614 1428 663 coruscans

685 701 772 767 misit
793 700 837 765 ad
859 702 1016 766 Oeeasum
1039 700 1166 783 fulgida
1188 699 1274 766 dona
1296 699 1375 765 deo:

599 805 712 888 regina
734 811 885 889 poscente
909 804 971 869 sibi
993 803 1194 887 ltadegunde
1217 802 1381 886 Thoringa

685 906 833 991 praebuit
855 914 983 992 optatae
1007 927 1141 973 munera
1163 926 1256 972 saera
1278 906 1399 986 erueis,

600 1032 663 1093 qna
686 1009 834 1075 Christus
857 1009 996 1093 dignans
1018 1010 1190 1094 adsumpta
1212 1009 1246 1074 in
1269 1029 1365 1074 earne
1388 1008 1542 1093 pependit

685 1120 781 1196 atque
805 1133 914 1178 eruore
937 1133 994 1178 suo
1017 1113 1152 1178 vulnera
1173 1119 1282 1178 nostra
1304 1111 1394 1178 lavit.

600 1217 703 1299 gloria
725 1235 851 1280 summa
872 1215 947 1297 tibi,
973 1236 1077 1281 rerum
1101 1221 1188 1280 sator
1209 1222 1305 1299 atque
1328 1214 1526 1298 redemptor,

686 1320 770 1402 quod
793 1327 881 1385 tenet
902 1326 1075 1403 augustum
1097 1320 1186 1385 eelsa
1209 1319 1331 1403 Sophia
1353 1319 1501 1400 gradum.

601 1446 619 1488 o
642 1423 745 1508 pietas
767 1423 831 1488 hue
854 1441 953 1507 usque
977 1419 1086 1506 rigans
1109 1422 1150 1488 de
1173 1421 1260 1487 fonte
1282 1421 1437 1505 benigne,

688 1526 778 1591 ouius
802 1546 891 1592 amor
913 1526 1034 1593 Christi
1056 1525 1163 1592 fundit
1185 1525 1303 1608 ubique
1325 1524 1439 1589 fidem!

525 1651 529 1660 ·
601 1651 675 1695 eoee
699 1629 769 1714 pari
791 1636 881 1711 voto,
907 1629 1062 1713 Augusti,
1089 1627 1219 1694 certatis
1243 1628 1418 1711 utrimque:

687 1733 760 1817 ipsa
780 1741 870 1798 tuum
893 1751 1004 1799 serrum
1028 1731 1186 1815 subrigis,
1212 1731 1269 1797 ille
1292 1750 1401 1808 suum;

601 1836 651 1901 vir
673 1835 933 1917 Constantinum,
960 1836 1117 1901 Helenam
1141 1834 1196 1919 pia
1218 1833 1340 1900 femina
1361 1831 1491 1899 reddis:

688 1939 771 2005 siout
791 1940 892 2004 honor
914 1938 1046 2020 similis,
1074 1937 1121 2004 sio
1143 1958 1232 2003 amor
1253 1936 1324 2021 ipse
1347 1935 1460 2002 erueis,

602 2044 661 2108 illa
682 2043 803 2108 invenit
825 2062 936 2127 opem,
962 2049 997 2108 tu
1020 2041 1146 2126 spargis
1169 2041 1286 2125 ubique
1310 2040 1463 2119 salutern,

689 2146 801 2230 implet
822 2152 855 2210 et
877 2147 1034 2211 Oeoasum
1056 2143 1142 2226 quod
1164 2143 1252 2228 prius
1275 2143 1371 2209 Ortus
1394 2149 1473 2208 erat.

602 2249 705 2331 gloria
727 2267 850 2313 summa
872 2247 947 2330 tihi,
973 2268 1079 2313 rerum
1103 2254 1189 2312 sator
1210 2255 1307 2329 atque
1329 2245 1527 2330 redemptor,

688 2351 773 2433 quod
795 2357 882 2415 tenet
903 2357 1077 2435 augustum
1101 2351 1191 2417 eelsa
1213 2348 1334 2434 Sophia
1356 2349 1502 2431 gradum.

603 2475 661 2539 per
682 2461 713 2520 te
736 2475 812 2519 crux
835 2453 957 2520 domini
979 2461 1079 2521 totum
1102 2452 1164 2519 sibi
1187 2452 1331 2519 vindieat
1351 2452 1478 2517 orbem:

689 2577 752 2640 quo
774 2557 898 2623 nesoita
920 2557 997 2639 fuit,
1023 2557 1084 2623 hoe
1106 2557 1200 2624 modo
1223 2556 1295 2622 visa
1317 2555 1409 2638 tegit.

603 2660 740 2725 aeeessit
761 2660 850 2742 genti
872 2659 972 2726 maior
993 2649 1113 2727 fiduoia
1135 2657 1271 2742 Christi,

690 2762 816 2846 quando
839 2762 954 2828 salutis
976 2782 1069 2847 opem
1092 2781 1168 2847 spes
1191 2762 1319 2828 oeulata
1341 2760 1447 2842 videt,

604 2865 752 2932 sensibus
775 2871 807 2930 et
829 2864 994 2949 duplicata
1016 2865 1114 2946 tides,
1141 2886 1213 2931 eum
1236 2884 1367 2930 munere
1390 2869 1496 2928 vestro

690 2969 764 3054 plns
786 2969 914 3035 animae
931 2967 1070 3053 eredunt
1092 2968 1178 3053 quod
1199 2989 1293 3035 oruee
1316 2974 1398 3033 teste
1421 2967 1568 3055 probant.

604 3072 664 3138 hoe
685 3073 833 3156 Augusta
855 3073 983 3153 oolens,
1009 3072 1095 3155 quod
1117 3073 1300 3157 apostolus,
1326 3072 1427 3137 instat
1447 3077 1568 3136 aratro:

690 3183 725 3242 tu
746 3175 852 3259 ligno,
878 3175 933 3242 hie
954 3177 1051 3242 verbo
1074 3174 1256 3242 laetificatis
1278 3195 1403 3260 agrum.
1551 3165 1561 3183 ‘

603 3280 685 3344 haee
706 3278 770 3343 iam
794 3278 882 3344 fama
902 3279 992 3344 favet
1014 3300 1078 3362 qua
1101 3298 1136 3344 se
1160 3278 1334 3363 septentrio
1357 3276 1476 3360 tendit,
1499 3271 1503 3277 ’

690 3382 786 3448 Ortus
809 3389 842 3447 et
863 3382 1003 3448 Oooasus
1026 3381 1144 3448 militat
1165 3402 1219 3448 ore
1242 3382 1313 3447 tibi.

602 3485 692 3550 illine
714 3486 895 3568 Romanus,
922 3485 996 3550 hine
1019 3484 1134 3551 laudes
1158 3486 1313 3551 barbarus
1337 3484 1424 3569 ipse,

690 3588 870 3654 Germanus
893 3589 1035 3654 Batavus
1058 3589 1162 3653 Vaseo
1186 3588 1359 3653 Britannus
1381 3587 1460 3670 agit.
1559 3668 1562 3673 ⁴

604 3710 679 3776 pars
701 3698 756 3756 tua
780 3711 850 3756 ounr
874 3711 967 3757 oruoe
990 3691 1032 3756 sit
1054 3691 1187 3772 florens,
1213 3691 1380 3774 Augusta,
1407 3710 1465 3775 per
1487 3709 1620 3770 aevum,

690 3793 741 3858 eui
764 3793 844 3858 faeis
866 3794 1018 3859 extremis
1041 3813 1184 3860 creseere
1208 3800 1284 3858 vota
1309 3793 1399 3859 loeis.

605 3898 687 3961 hane
709 3903 867 3980 prostrata
890 3898 957 3961 solo
980 3897 1118 3981 supplex
1141 3896 1352 3980 Radegundis
1376 3896 1492 3962 adorat

691 4007 723 4064 et
745 4006 850 4064 vestro
872 3999 1006 4084 imperio
1029 4007 1174 4085 tempora
1196 4001 1295 4084 longa
1318 4006 1426 4083 rogat,

605 4109 701 4185 atque
724 4102 834 4185 rigans
856 4102 999 4168 laorimis
1022 4103 1191 4168 eoniuneta
1213 4102 1373 4168 sororibus
1396 4108 1503 4186 optat,

694 4212 728 4271 ut
749 4204 822 4270 hino
845 4212 954 4271 vestra
975 4206 1057 4270 tides
1079 4204 1202 4290 gaudia
1224 4207 1317 4288 larga
1338 4211 1447 4269 metat.

607 4308 685 4372 felix
708 4308 830 4373 Iustino
854 4327 986 4375 maneas
1010 4329 1081 4374 ourn
1104 4308 1247 4394 principe
1271 4307 1408 4374 eoniunx

692 4411 802 4477 ordine
825 4411 958 4495 patricio
982 4413 1103 4494 uineta,
1131 4411 1269 4497 Sophia,
1296 4430 1397 4478 saero.

606 4515 742 4578 Romula
764 4534 866 4598 regna
888 4534 1003 4598 regens
1025 4515 1148 4580 tribuas
1171 4534 1231 4580 sua
1252 4515 1325 4580 iura
1346 4522 1460 4581 senatu

694 4623 789 4701 teque
813 4616 876 4682 sibi
899 4618 1060 4682 dominam
1083 4618 1176 4702 plebs
1199 4618 1347 4682 trabeam
1369 4618 1465 4683 eolat.

523 4741 554 4780 es
607 4729 681 4786 vota
703 4740 843 4805 superna
865 4720 945 4786 deus
968 4720 1052 4786 votis
1075 4719 1226 4787 felicibus
1248 4720 1350 4787 addat

693 4844 752 4889 nee
774 4823 866 4888 vobis
889 4831 1000 4908 pereat
1022 4823 1107 4908 qnod
1130 4823 1341 4908 Radegundis
1363 4833 1468 4906 amat,

274 5082 684 5095 ψ

346 5271 378 5320 55
398 5274 481 5335 opima
493 5270 529 5339 Σ]
547 5275 627 5335 prima
646 5273 691 5323 m.
796 5275 899 5322 orientis
917 5275 949 5321 ab
967 5288 1015 5322 axe
1033 5271 1091 5340 Ba]
1108 5275 1193 5323 oriens
1210 5276 1242 5322 ab
1259 5289 1290 5323 arr
1308 5287 1337 5322 aa
1356 5273 1381 5322 Σ
1486 5272 1517 5321 tt
1538 5274 1659 5334 thoranga
1678 5271 1723 5335 ΣΙ,
1743 5275 1841 5333 toringa
1858 5273 1902 5321 Be.

274 5356 307 5407 58
326 5359 422 5407 obtatae
442 5357 477 5406 2¹¹
592 5358 773 5420 reassumpta
791 5356 881 5407 Mt.
997 5358 1027 5407 61
1049 5360 1131 5422 adque
1150 5359 1184 5408 Σ1
1298 5359 1331 5409 65
1349 5364 1435 5408 utrum
1453 5372 1519 5420 quae
1538 5357 1574 5407 Σι
1677 5358 1710 5407 66
1729 5359 1777 5407 sub
1794 5359 1860 5419 regis
1879 5357 1904 5406 Σ

275 5444 306 5493 6Ί
327 5445 453 5493 reddata·
557 5445 590 5493 to
609 5446 675 5508 prior
687 5445 731 5494 m.
838 5451 907 5493 ortus
926 5448 1031 5505 panetio.
1139 5446 1169 5496 il
1189 5445 1328 5495 summm
1435 5443 1467 5493 74
1485 5451 1555 5506 teget
1574 5444 1662 5494 ΣῙΒσ.
1769 5444 1803 5495 76
1820 5445 1903 5495 oculu

275 5527 309 5577 Σί
450 5530 480 5578 Π
500 5536 526 5578 et
547 5526 580 5596 S]
598 5545 612 5579 ο
630 5532 675 5580 Br.
804 5527 898 5596 uestro]
917 5537 1029 5581 uestrum
1048 5532 1125 5581 aar.
1267 5532 1299 5580 79
1317 5545 1397 5592 augus
1417 5529 1463 5593 ΣΙ,
1482 5536 1588 5591 auguste
1608 5528 1644 5580 Σ1
1769 5544 1837 5579 arare
1856 5531 1900 5580 Bt.

274 5613 306 5663 80
325 5620 354 5663 tn
368 5613 402 5682 Σ]
422 5617 447 5664 iu
461 5616 506 5665 Bt.
604 5615 636 5666 at
656 5616 847 5665 brittannus2¹
945 5616 977 5666 st
998 5620 1048 5667 solo
1062 5615 1098 5685 Σ]
1115 5620 1167 5667 loeo
1180 5619 1224 5666 Be.
1323 5617 1356 5666 90
1375 5617 1472 5666 bioBr.
1573 5615 1602 5666 91
1624 5616 1906 5666 emmeramensem

273 5707 375 5751 roratur
388 5703 412 5750 Σ
516 5705 609 5751 coniux
629 5702 662 5750 2¹
686 5703 729 5755 ar.
836 5703 868 5752 9³
888 5705 977 5752 tribuit
988 5704 1032 5753 Br.
1139 5701 1240 5772 senatu]
1258 5709 1362 5754 senatus
1381 5700 1481 5765 Mn,
1503 5703 1653 5753 sanatus2¹
1757 5701 1790 5752 ot
1808 5702 1905 5753 eohtl'
