4396 6196
927 412 1021 469 vi'rA
1038 410 1154 469 ΒΕΑΤΙ
1173 412 1358 469 MAVRILII.
1918 415 1958 478 89

327 607 480 690 angustia
509 605 692 671 constitutis
720 613 753 670 et
783 605 824 670 de
847 612 903 669 tua
925 603 1148 670 misericordia
1169 623 1245 669 vere
1268 602 1500 668 confidentibus
1523 603 1621 667 celeri
1643 602 1764 687 pietate
1787 601 1955 684 succurris,

300 720 304 735 ²
328 709 465 775 subveni
495 708 569 774 huic
598 708 724 792 captivo
754 728 810 792 pro
833 714 951 791 quote
974 708 1113 792 supplex
1136 727 1244 772 exoro.
1296 707 1357 790 (39)
1385 706 1437 771 Ad
1458 705 1541 771 hanc
1563 725 1681 790 nempe
1704 705 1880 771 sacerdotis
1903 725 1960 769 vo-

329 832 398 878 cem
428 819 519 878 tanta
546 811 597 876 vis
620 811 757 876 febrium
781 810 944 876 dominum
967 810 1070 895 ipsius
1093 809 1245 894 arripuit,
1280 815 1315 874 ut
1337 815 1510 890 antequam
1533 808 1674 894 perituro
1698 808 1862 893 paenitere
1885 828 1961 873 sue-

329 921 478 994 curreret,
507 915 653 1000 spiritum
677 913 855 980 exhalaret.
909 914 969 996 (40)
997 914 1080 978 Tum
1103 919 1194 978 tanta
1213 910 1383 977 formidine
1399 910 1518 977 caeteri
1534 912 1751 996 percelluntur
1767 917 1956 991 metuentes,

296 1041 310 1080 s
329 1038 370 1083 ne
393 1037 429 1082 se
445 1036 480 1082 se
502 1017 593 1083 vivos
609 1025 694 1083 terra
709 1017 905 1097 absorberet,
932 1024 967 1081 ut
982 1014 1150 1080 unanimes
1166 1021 1353 1099 expeterent
1367 1014 1565 1080 sacerdotem
1583 1013 1732 1080 flebiliter
1746 1014 1956 1099 postulantes,

329 1120 480 1204 quatinus
503 1126 536 1185 et
558 1120 620 1185 sibi
642 1119 878 1202 indulgentiam
902 1126 935 1185 et
957 1118 1106 1185 defuneto
1129 1119 1198 1184 suis
1221 1117 1342 1184 meritis
1361 1118 1547 1202 adquireret
1562 1117 1672 1183 vitam.
1725 1119 1784 1199 (41)
1813 1118 1869 1182 Vir
1885 1137 1960 1183 vero

329 1224 443 1288 beatus
474 1223 607 1288 nimium
638 1230 803 1302 metuens,
837 1243 878 1288 ne
906 1222 978 1306 ipse
1001 1222 1127 1288 occasio
1150 1230 1183 1287 et
1205 1241 1304 1288 causa
1325 1221 1414 1286 iliius
1438 1228 1523 1287 esset
1544 1220 1747 1305 perditionis,
1782 1226 1961 1304 prostratus

330 1334 433 1392 terrae
462 1326 617 1392 inmensis
647 1326 830 1410 planctibus
859 1332 892 1391 et
920 1325 1041 1391 crebris
1068 1325 1264 1408 singultibus
1291 1324 1420 1390 invocat
1442 1323 1622 1405 Christum,
1656 1332 1692 1389 ut
1714 1322 1865 1388 defuneto
1887 1321 1962 1388 red-

330 1429 421 1495 deret
443 1429 594 1511 animam,
621 1449 682 1495 nec
705 1438 802 1496 antea
824 1429 964 1494 surrexit
985 1449 1006 1493 a
1028 1429 1106 1512 solo,
1133 1428 1234 1494 donec
1258 1435 1290 1493 et
1303 1428 1455 1493 defuncto
1471 1427 1569 1493 vitam
1586 1435 1619 1493 et
1633 1426 1762 1512 captivo
1777 1426 1962 1509 adquireret
2035 1414 2041 1429 '

280 1554 309 1594 ro
330 1531 522 1597 libertatem.
583 1533 644 1615 (ta)
679 1532 909 1616 Negociatores
939 1531 1096 1614 denique,
1135 1538 1169 1597 ut
1198 1531 1258 1596 sibi
1288 1539 1445 1597 retroacta
1474 1530 1693 1616 praesumptio
1723 1529 1955 1611 indulgeretur,

330 1635 440 1700 multis
469 1635 612 1701 donariis
642 1636 747 1721 ipsum
778 1635 1014 1700 honoraverunt
1036 1636 1204 1701 stlocum.
1253 1634 1343 1712 Quae
1366 1655 1466 1719 prope
1489 1633 1597 1699 omnia
1619 1633 1669 1696 vir
1691 1633 1804 1698 beatus
1827 1632 1860 1697 in
1883 1651 1961 1698 usus

330 1757 509 1824 pauperum
533 1738 711 1824 deputavit.

421 1843 482 1924 (43)
509 1841 667 1906 Nimirum
701 1849 885 1926 praeterea,
920 1848 955 1906 ut
983 1840 1188 1906 necessitudo
1217 1840 1381 1925 compellit
1410 1841 1566 1922 humana,
1600 1839 1698 1923 Argis
1727 1839 1816 1904 haud
1838 1838 1964 1905 modica
1985 1836 2018 1901 X

331 1944 490 2009 mercibus
512 1943 631 2010 referta
653 1963 711 2029 per
733 1945 874 2028 Ligerim
897 1944 1084 2010 vehebatur.
1126 1944 1216 2022 Quae
1239 1963 1310 2008 cum
1333 1951 1443 2009 contra
1459 1944 1635 2009 Caionnam
1658 1942 1859 2025 ascenderet,
1885 1944 1962 2007 sub-

281 2068 310 2108 ιι
330 2047 376 2113 ito
398 2047 526 2113 turbato
550 2067 622 2112 cum
646 2047 776 2114 flamine
800 2055 896 2133 ponto
918 2048 1012 2112 navis
1034 2047 1067 2111 in
1086 2046 1276 2130 vertiginem
1291 2048 1462 2124 rotabatur,
1491 2046 1649 2130 frangitur
1663 2053 1815 2112 antemna
1831 2053 1864 2112 et
1878 2065 1963 2112 nuuc

330 2170 428 2235 prora
462 2150 639 2233 subrigitur
673 2151 802 2217 elevata
835 2151 867 2216 in
897 2151 1027 2230 fluctus,
1064 2169 1149 2215 nunc
1177 2150 1295 2235 puppis
1324 2149 1512 2235 deprimitur
1537 2150 1621 2215 inter
1651 2149 1810 2215 undarum
1840 2149 1959 2215 hiatus.

335 2257 396 2338 (44)
425 2253 510 2319 Victi
532 2262 641 2319 autem
663 2262 783 2320 nautae
804 2261 977 2337 tantaeque
1000 2254 1201 2337 tempestatis
1223 2253 1334 2319 timore
1358 2255 1534 2339 perterriti,
1569 2254 1609 2319 de
1632 2253 1795 2337 praesenti
1817 2254 1880 2318 iam
1904 2253 1963 2319 de-

331 2362 499 2442 sperantes
530 2357 653 2436 salute,
689 2358 780 2424 obiiti
809 2357 916 2422 omnia
944 2357 1038 2423 navis
1068 2364 1266 2421 armamenta
1287 2357 1433 2422 iecerunt
1456 2358 1558 2423 solum
1581 2365 1704 2423 tantum
1727 2357 1962 2443 praestolantes

329 2459 511 2537 interitum,
550 2480 621 2525 cum
655 2468 786 2545 repente
814 2459 969 2525 inmensis
1000 2460 1138 2525 clamare
1168 2460 1301 2524 vocibus
1323 2468 1495 2545 coeperunt
1517 2460 1678 2526 dicentes:
1712 2461 1880 2540 Miserere,
1913 2459 1963 2524 vir

279 2580 310 2622 so
331 2562 452 2629 Christi
474 2562 615 2642 Mauriii,
642 2569 750 2628 nostro
773 2583 920 2628 succurre
943 2562 1130 2646 naufragio!
1164 2563 1260 2628 Potes
1284 2563 1369 2628 enim
1392 2563 1453 2629 hoc
1475 2563 1617 2629 obtinere
1640 2583 1712 2628 curn
1736 2563 1879 2641 Christo,
1906 2561 1961 2644 qui

331 2673 405 2750 post
427 2666 524 2730 funus
548 2665 648 2730 vitam
671 2664 843 2749 adquisisti
865 2665 1027 2731 defuncto.
1088 2668 1149 2748 (45)
1176 2665 1229 2730 Ad
1257 2686 1392 2748 quorum
1423 2685 1519 2732 voces
1549 2685 1727 2750 exsurgens
1756 2666 1796 2730 ab
1819 2664 1962 2730 oratione

330 2768 499 2834 Maurilius
530 2768 646 2834 festine
677 2768 814 2834 cucurrit
842 2769 886 2833 ad
911 2768 988 2834 litus
1017 2775 1050 2833 et
1077 2769 1204 2833 elevato
1234 2769 1268 2832 in
1290 2768 1462 2834 adversum
1486 2769 1590 2835 crucis
1613 2769 1706 2854 signo
1729 2768 1867 2852 imperat
1888 2788 1962 2852 pro-

331 2872 434 2938 cellae
464 2892 505 2937 ne
535 2872 685 2938 saeviret.
734 2870 862 2938 Cedunt
892 2891 966 2936 mox
997 2870 1143 2955 deposito
1172 2871 1276 2954 rigore
1300 2872 1490 2956 spiramina,
1521 2879 1737 2938 tumescentes
1761 2871 1867 2936 undae
1890 2889 1963 2936 ver-

330 2981 440 3040 tuntur
471 2975 504 3039 in
539 2993 679 3057 aequora
713 2974 980 3058 subsequiturque
1011 2993 1125 3039 serena
1155 2974 1382 3058 tranquillitas.
1442 2977 1503 3059 (46)
1531 2976 1643 3041 Iliaesi
1673 2994 1749 3058 ergo
1779 2980 1898 3039 nautae
1928 2980 1963 3038 ut

279 3095 310 3137 rs
331 3084 505 3161 coeperant
533 3077 698 3160 navigium
728 3077 939 3161 expieverunt
967 3085 999 3143 et
1028 3077 1072 3142 ad
1102 3084 1244 3162 optatum
1267 3085 1391 3162 portum
1414 3078 1590 3144 sacerdotis
1612 3077 1715 3143 adiuti
1737 3077 1891 3159 suffragio
1913 3075 1964 3142 fe-

330 3180 434 3245 liciter
455 3188 682 3265 pervenerunt.
1856 3179 1859 3184 ’

422 3283 481 3366 (47)
510 3285 588 3349 Erat
610 3284 695 3348 enim
718 3283 878 3350 familiare
903 3285 996 3349 beato
1019 3283 1096 3363 viro,
1125 3291 1159 3348 ut
1181 3303 1264 3348 nunc
1288 3282 1444 3349 ecclesias
1467 3304 1552 3351 nunc
1572 3284 1715 3350 infirmos
1738 3283 1961 3367 evangelicum
1985 3280 2033 3345 XI

330 3406 458 3470 semper
488 3387 621 3470 cupiens
650 3385 785 3470 implere
814 3394 1019 3471 pracceptum
1049 3386 1202 3468 verbique
1230 3385 1283 3451 dei
1306 3386 1515 3454 fidelissimus
1538 3388 1741 3473 dispensator
1765 3387 1878 3453 sedule
1901 3387 1963 3452 cir-

330 3489 474 3554 cumiret.
521 3490 562 3554 Et
594 3510 635 3554 ne
668 3490 753 3555 ultra
787 3490 916 3555 modum
948 3489 1104 3572 fatigatus
1133 3509 1266 3574 corpore
1295 3489 1487 3571 defecisset,
1526 3491 1668 3557 habebat
1696 3489 1828 3556 humilis
1858 3508 1965 3555 sessor

279 3610 310 3649 ιο
330 3592 483 3672 asellum,
517 3611 579 3673 quo
607 3591 737 3674 saepius
765 3592 926 3657 utebatur.
978 3593 1039 3675 (48)
1067 3591 1170 3669 Quem
1200 3593 1365 3658 nocturnis
1395 3594 1475 3659 latro
1506 3592 1703 3678 temporibus
1725 3592 1963 3678 apprehensum

330 3693 430 3758 furari
452 3714 515 3759 non
539 3694 659 3773 metuit,
688 3693 747 3759 scd
769 3693 882 3759 infelix
905 3694 981 3759 dum
1004 3694 1128 3761 furatur
1149 3696 1287 3761 asellum
1311 3696 1463 3781 arripitur
1485 3716 1505 3760 a
1528 3695 1695 3761 daemonio
1719 3696 1812 3761 etsie
1828 3695 1961 3760 demens

330 3816 390 3880 per
419 3802 517 3861 totam
546 3802 671 3861 noctem
702 3797 915 3879 vagabundus
947 3797 1104 3864 illuditur.
1151 3799 1248 3864 Mane
1278 3806 1385 3864 autem
1416 3798 1541 3864 reddito
1571 3805 1645 3864 ante
1676 3798 1762 3864 fores
1791 3797 1878 3863 beati
1901 3796 1960 3861 viri

329 3899 423 3962 affuit
452 3898 598 3963 exsensis
621 3898 692 3983 ipse
715 3898 835 3983 pariter
858 3919 930 3964 cum
953 3901 1068 3966 asello.
1121 3903 1180 3985 (49)
1209 3900 1339 3967 Crimen
1361 3901 1445 3984 quod
1469 3901 1671 3967 commiserat
1692 3900 1792 3967 invito
1815 3899 1961 3984 primitus

330 4211 407 4261 Serve
425 4211 482 4273 dei,
510 4225 625 4260 succurre
644 4214 750 4273 captivo.
789 4213 848 4261 ilico
867 4219 938 4262 tanta
956 4216 1032 4263 febris
1051 4215 1179 4264 dominum
1199 4229 1277 4263 unum
1297 4215 1341 4277 qui
1360 4221 1413 4262 erat
1432 4215 1522 4263 ceteris
1540 4215 1692 4275 pertinacior
1710 4214 1832 4274 accinxit,
1860 4217 1889 4260 ut
1908 4212 1961 4274 spl-

329 4298 407 4346 ritum
424 4311 501 4360 prope
520 4297 644 4346 redderet.
684 4297 733 4347 Sed
751 4305 781 4347 ut
798 4307 851 4349 erat
869 4302 958 4350 beatus
977 4301 1110 4351 Mauritius
1128 4303 1281 4363 misericors,
1310 4301 1438 4350 dominum
1457 4304 1572 4363 precatur
1590 4314 1634 4363 pro
1652 4300 1743 4361 impio,
1765 4299 1864 4348 reddita
1882 4304 1921 4349 est
1938 4300 1962 4348 ei

330 4384 424 4432 sanitas
443 4388 469 4431 et
487 4385 603 4445 captivus
622 4385 740 4433 continno
759 4387 884 4435 relaxatur
903 4402 917 4435 a
935 4388 1046 4448 servitio,
1067 4389 1130 4436 iiber
1148 4388 1231 4437 iactus
1249 4401 1282 4435 ex
1300 4388 1433 4449 mancipio.

418 4468 518 4519 13-26
538 4467 709 4529 Mcpnobodaa
727 4486 747 4520 c.
769 4473 801 4519 9:
827 4471 953 4530 Quomodo
972 4472 1071 4522 christo
1097 4475 1224 4536 proposito
1243 4487 1319 4523 naves
1338 4473 1495 4522 necessariae
1513 4472 1630 4521 humanis
1647 4473 1737 4521 usibus
1755 4473 1855 4534 negotia
1873 4472 1962 4534 depor-

329 4560 412 4605 tantes
436 4556 476 4604 die
500 4560 627 4617 noctuque
653 4570 698 4619 per
717 4557 828 4618 Ligerim
847 4558 1042 4608 discurrentium
1060 4560 1166 4622 habent,
1192 4560 1326 4622 aliquando
1345 4559 1466 4623 quaedam
1483 4571 1569 4606 aarum
1587 4558 1673 4618 mandi
1692 4559 1813 4607 mercium
1831 4571 1906 4608 onere
1924 4570 1964 4606 rs·

329 4643 409 4691 fertae
432 4642 518 4690 subita
541 4644 729 4704 perturbatione
754 4645 830 4692 iiaute
853 4651 937 4694 austro
963 4651 1100 4708 coeperunt
1124 4647 1202 4706 mergi
1229 4647 1276 4694 sub
1294 4647 1349 4708 ipso
1368 4646 1413 4694 ubl
1430 4649 1534 4693 sanetus
1551 4645 1680 4693 habitabat
1698 4647 1828 4694 coenobio.
1867 4643 1965 4694 Clama-

330 4733 421 4776 reruut
444 4729 532 4791 itaque
555 4730 710 4778 unanimiter
731 4736 824 4779 nautae
849 4732 935 4779 mortis
960 4737 1030 4779 metu
1052 4736 1078 4779 et
1102 4731 1207 4780 tristitia
1229 4731 1346 4780 ocrriecti.
1385 4730 1456 4779 Tunc
1479 4731 1569 4778 beatus
1588 4729 1721 4780 Mauriiius
1739 4730 1770 4779 ad
1789 4744 1876 4780 eorum
1893 4741 1965 4778 voces

327 4818 465 4863 commotos
488 4815 581 4875 primo,
608 4814 653 4863 sed
676 4829 733 4862 mox
757 4816 899 4879 intrepidus
923 4830 967 4878 per
985 4817 1044 4866 tidei
1063 4818 1227 4866 constantiam
1246 4816 1343 4880 iactus,
1371 4821 1457 4866 contra
1475 4822 1652 4878 tempestatem
1670 4816 1815 4868 salvaturus
1832 4817 1966 4876 naufragos

327 4899 465 4958 egreditur.
503 4900 613 4963 Moxque
637 4906 666 4949 ut
690 4903 769 4951 oravit
787 4903 864 4951 deum
882 4903 1087 4965 periclitantibus
1104 4903 1275 4964 tranquillitas
1293 4903 1377 4951 subito
1396 4901 1482 4951 divina
1502 4904 1597 4952 virtute
1614 4903 1681 4952 iacta
1698 4908 1738 4952 est
1757 4909 1784 4952 et
1802 4903 1883 4952 illaesi
1901 4914 1966 4950 uan-

328 4989 369 5031 tae
388 4986 437 5032 iter
455 4985 519 5047 quod
539 4991 672 5048 coeperant
688 4994 865 5049 perrexerunt.

416 5067 449 5119 29
466 5097 501 5106 -
516 5085 542 5132 p.
565 5070 606 5135 90,
629 5074 646 5120 l.
668 5072 683 5121 5
704 5070 874 5133 Mcpnobodua
891 5089 914 5122 c.
938 5077 983 5122 10:
1009 5072 1073 5122 Oum
1096 5086 1140 5136 pro
1164 5074 1277 5123 subsidio
1298 5073 1424 5123 humanae
1449 5075 1608 5125 iutirmitatis
1632 5078 1670 5123 vir
1695 5074 1737 5122 dei
1761 5074 1866 5124 mahom
1889 5072 1966 5120 habe·

327 5161 380 5217 ret,
408 5170 483 5218 quem
508 5157 595 5206 sedere
614 5159 669 5221 lpse
687 5159 790 5208 humilis
809 5172 890 5208 sessor
908 5164 1086 5220 consueverat,
1112 5173 1217 5221 vespere
1235 5159 1341 5222 quodam
1359 5161 1404 5208 ubi
1423 5159 1491 5208 diem
1511 5174 1563 5209 nox
1582 5162 1672 5211 clausit
1691 5161 1779 5209 furtim
1797 5162 1822 5209 ei
1840 5160 1870 5208 ab
1887 5159 1967 5220 impio

328 5241 452 5302 praedone
476 5243 575 5291 ablatus
600 5251 648 5293 est.
688 5243 736 5293 Sed
761 5245 823 5306 quid
849 5245 946 5293 infelici
971 5246 1078 5304 contigit
1101 5245 1145 5306 qui
1163 5245 1209 5293 hoc
1227 5258 1304 5294 ausus
1323 5246 1374 5294 iuit
1393 5245 1555 5305 sacdlegium
1575 5249 1736 5312 perpatrsre?
1773 5245 1908 5294 Daemonio
1926 5257 1967 5293 ar·

329 5332 416 5388 raptus
433 5342 479 5389 per
496 5334 574 5377 totam
593 5335 690 5379 noctem
710 5332 794 5392 fugam
813 5332 926 5381 celerans
945 5335 971 5378 et
989 5330 1053 5378 nihii
1072 5335 1156 5378 tamen
1174 5344 1321 5394 promovens
1334 5332 1456 5380 frustrato
1469 5331 1556 5381 labore
1570 5331 1732 5396 vagabundus
1744 5331 1864 5379 eluditur.
1897 5330 1968 5379 Luce

328 5426 387 5461 voro
405 5415 485 5476 prims
503 5421 589 5463 sancto
609 5418 662 5463 viro
680 5417 780 5464 asinum
799 5431 874 5465 suurn
894 5416 982 5463 divina
1001 5420 1100 5464 coactus
1120 5417 1212 5465 virtute
1232 5423 1413 5478 repraesentat,
1434 5429 1513 5478 quern
1534 5423 1564 5467 ut
1583 5424 1683 5469 sanctus
1701 5417 1742 5465 dei
1760 5416 1901 5477 conspexit,
1923 5429 1970 5465 ve·

418 5706 448 5755 13
467 5703 545 5772 argis]
563 5721 586 5754 v.
609 5706 651 5752 Du
673 5705 753 5766 Cunus
770 5704 809 5753 ed.
831 5705 910 5753 Fcere
928 5706 951 5765 1,
970 5720 996 5766 p.
1012 5706 1063 5753 382>
1168 5703 1199 5753 tt
1220 5702 1301 5772 enim]
1319 5714 1404 5755 autern
1426 5706 1447 5753 P

407 5806 534 5850 Massurius
549 5805 703 5848 rosseum-r.
