<?xml version="1.0" encoding="UTF-8"?>
<!DOCTYPE html PUBLIC "-//W3C//DTD XHTML 1.0 Transitional//EN"
    "http://www.w3.org/TR/xhtml1/DTD/xhtml1-transitional.dtd">
<html xmlns="http://www.w3.org/1999/xhtml" xml:lang="en" lang="en">
 <head>
  <title>
</title>
<meta http-equiv="Content-Type" content="text/html;charset=utf-8" />
  <meta name='ocr-system' content='tesseract 3.04.00' />
  <meta name='ocr-capabilities' content='ocr_page ocr_carea ocr_par ocr_line ocrx_word'/>
</head>
<body>
  <div class='ocr_page' id='page_1' title='image "./venantihonoricl00unkngoog_0361.png"; bbox 0 0 4374 6186; ppageno 0'>
   <div class='ocr_carea' id='block_1_1' title="bbox 954 405 1361 463">
    <p class='ocr_par' dir='ltr' id='par_1_1' title="bbox 954 405 1361 463">
     <span class='ocr_line' id='line_1_1' title="bbox 954 405 1361 463; baseline -0.002 0"><span class='ocrx_word' id='word_1_1' title='bbox 954 405 1124 463; x_wconf 77' lang='lat' dir='ltr'>VENANTI</span> <span class='ocrx_word' id='word_1_2' title='bbox 1142 405 1361 463; x_wconf 80' lang='lat' dir='ltr'><strong>FORTVNA&#39;I&#39;I</strong></span> 
     </span>
    </p>
   </div>
   <div class='ocr_carea' id='block_1_2' title="bbox 576 595 1677 3463">
    <p class='ocr_par' dir='ltr' id='par_1_2' title="bbox 676 595 1617 682">
     <span class='ocr_line' id='line_1_2' title="bbox 676 595 1617 682; baseline -0.001 -20"><span class='ocrx_word' id='word_1_3' title='bbox 676 619 802 682; x_wconf 82' lang='lat' dir='ltr'>semper</span> <span class='ocrx_word' id='word_1_4' title='bbox 823 619 940 680; x_wconf 85' lang='lat' dir='ltr'>aquam</span> <span class='ocrx_word' id='word_1_5' title='bbox 964 598 1113 663; x_wconf 89' lang='lat' dir='ltr'>manibus</span> <span class='ocrx_word' id='word_1_6' title='bbox 1136 598 1279 663; x_wconf 84' lang='lat' dir='ltr'>tribuens</span> <span class='ocrx_word' id='word_1_7' title='bbox 1302 595 1505 662; x_wconf 90' lang='lat' dir='ltr'>venientibus</span> <span class='ocrx_word' id='word_1_8' title='bbox 1527 596 1617 680; x_wconf 83' lang='lat' dir='ltr'>ipse,</span> 
     </span>
    </p>

    <p class='ocr_par' dir='ltr' id='par_1_3' title="bbox 676 699 1452 785">
     <span class='ocr_line' id='line_1_3' title="bbox 676 699 1452 785; baseline -0.004 -19"><span class='ocrx_word' id='word_1_9' title='bbox 676 700 827 766; x_wconf 88' lang='lat' dir='ltr'>caelestis</span> <span class='ocrx_word' id='word_1_10' title='bbox 849 701 983 785; x_wconf 88' lang='lat' dir='ltr'>cupiens</span> <span class='ocrx_word' id='word_1_11' title='bbox 1007 699 1125 765; x_wconf 87' lang='lat' dir='ltr'>homini</span> <span class='ocrx_word' id='word_1_12' title='bbox 1149 700 1268 765; x_wconf 86' lang='lat' dir='ltr'>servire</span> <span class='ocrx_word' id='word_1_13' title='bbox 1291 699 1452 778; x_wconf 78' lang='lat' dir='ltr'><strong>minister,</strong></span> 
     </span>
    </p>

    <p class='ocr_par' dir='ltr' id='par_1_4' title="bbox 676 802 1476 888">
     <span class='ocr_line' id='line_1_4' title="bbox 676 802 1476 888; baseline 0 -20"><span class='ocrx_word' id='word_1_14' title='bbox 676 812 707 868; x_wconf 93' lang='lat' dir='ltr'>et</span> <span class='ocrx_word' id='word_1_15' title='bbox 730 823 844 869; x_wconf 85' lang='lat' dir='ltr'>manus</span> <span class='ocrx_word' id='word_1_16' title='bbox 867 803 954 868; x_wconf 87' lang='lat' dir='ltr'>alma</span> <span class='ocrx_word' id='word_1_17' title='bbox 975 804 1075 888; x_wconf 91' lang='lat' dir='ltr'>pedes</span> <span class='ocrx_word' id='word_1_18' title='bbox 1098 802 1139 868; x_wconf 89' lang='lat' dir='ltr'>de</span> <span class='ocrx_word' id='word_1_19' title='bbox 1161 810 1329 886; x_wconf 77' lang='lat' dir='ltr'>peccatore</span> <span class='ocrx_word' id='word_1_20' title='bbox 1352 803 1476 881; x_wconf 83' lang='lat' dir='ltr'>luebat,</span> 
     </span>
    </p>

    <p class='ocr_par' dir='ltr' id='par_1_5' title="bbox 597 905 1628 1093">
     <span class='ocr_line' id='line_1_5' title="bbox 676 905 1628 989; baseline -0.001 -18"><span class='ocrx_word' id='word_1_21' title='bbox 676 926 747 971; x_wconf 91' lang='lat' dir='ltr'>cum</span> <span class='ocrx_word' id='word_1_22' title='bbox 771 927 831 970; x_wconf 89' lang='lat' dir='ltr'>sua</span> <span class='ocrx_word' id='word_1_23' title='bbox 854 906 1030 989; x_wconf 83' lang='lat' dir='ltr'><strong>porrigeret</strong></span> <span class='ocrx_word' id='word_1_24' title='bbox 1052 908 1104 972; x_wconf 91' lang='lat' dir='ltr'>vel</span> <span class='ocrx_word' id='word_1_25' title='bbox 1128 905 1253 970; x_wconf 86' lang='lat' dir='ltr'>fimbria</span> <span class='ocrx_word' id='word_1_26' title='bbox 1275 912 1360 971; x_wconf 87' lang='lat' dir='ltr'>tacta</span> <span class='ocrx_word' id='word_1_27' title='bbox 1383 906 1533 970; x_wconf 90' lang='lat' dir='ltr'>salntem.</span> <span class='ocrx_word' id='word_1_28' title='bbox 1625 916 1628 925; x_wconf 88' lang='lat'>&#39;</span> 
     </span>
     <span class='ocr_line' id='line_1_6' title="bbox 597 1006 1469 1093; baseline 0.005 -24"><span class='ocrx_word' id='word_1_29' title='bbox 597 1033 622 1070; x_wconf 70' lang='lat' dir='ltr'>ra</span> <span class='ocrx_word' id='word_1_30' title='bbox 675 1009 730 1093; x_wconf 91' lang='lat' dir='ltr'>qui</span> <span class='ocrx_word' id='word_1_31' title='bbox 751 1009 931 1074; x_wconf 89' lang='lat' dir='ltr'>inlecebras</span> <span class='ocrx_word' id='word_1_32' title='bbox 953 1008 1064 1073; x_wconf 90' lang='lat' dir='ltr'>mnndi</span> <span class='ocrx_word' id='word_1_33' title='bbox 1087 1006 1257 1091; x_wconf 83' lang='lat' dir='ltr'>fugiendas</span> <span class='ocrx_word' id='word_1_34' title='bbox 1278 1008 1469 1073; x_wconf 88' lang='lat' dir='ltr'>instituebat</span> 
     </span>
    </p>

    <p class='ocr_par' dir='ltr' id='par_1_6' title="bbox 676 1110 1522 1193">
     <span class='ocr_line' id='line_1_7' title="bbox 676 1110 1522 1193; baseline -0.002 -16"><span class='ocrx_word' id='word_1_35' title='bbox 676 1119 708 1177; x_wconf 90' lang='lat' dir='ltr'>ct</span> <span class='ocrx_word' id='word_1_36' title='bbox 729 1113 837 1177; x_wconf 87' lang='lat' dir='ltr'>saeclo</span> <span class='ocrx_word' id='word_1_37' title='bbox 860 1132 919 1177; x_wconf 87' lang='lat' dir='ltr'>sua</span> <span class='ocrx_word' id='word_1_38' title='bbox 940 1112 1030 1177; x_wconf 92' lang='lat' dir='ltr'>lucra</span> <span class='ocrx_word' id='word_1_39' title='bbox 1051 1111 1139 1192; x_wconf 90' lang='lat' dir='ltr'>dari,</span> <span class='ocrx_word' id='word_1_40' title='bbox 1166 1111 1211 1175; x_wconf 91' lang='lat' dir='ltr'>nil</span> <span class='ocrx_word' id='word_1_41' title='bbox 1234 1131 1389 1193; x_wconf 82' lang='lat' dir='ltr'><strong>quaerere</strong></span> <span class='ocrx_word' id='word_1_42' title='bbox 1411 1110 1522 1190; x_wconf 81' lang='lat' dir='ltr'>terris,</span> 
     </span>
    </p>

    <p class='ocr_par' dir='ltr' id='par_1_7' title="bbox 676 1212 1623 1298">
     <span class='ocr_line' id='line_1_8' title="bbox 676 1212 1623 1298; baseline -0.003 -18"><span class='ocrx_word' id='word_1_43' title='bbox 676 1222 712 1280; x_wconf 93' lang='lat' dir='ltr'>ut</span> <span class='ocrx_word' id='word_1_44' title='bbox 734 1235 865 1281; x_wconf 89' lang='lat' dir='ltr'>censum</span> <span class='ocrx_word' id='word_1_45' title='bbox 888 1214 1014 1298; x_wconf 82' lang='lat' dir='ltr'>fugeret</span> <span class='ocrx_word' id='word_1_46' title='bbox 1036 1215 1091 1296; x_wconf 89' lang='lat' dir='ltr'>qni</span> <span class='ocrx_word' id='word_1_47' title='bbox 1113 1212 1288 1280; x_wconf 88' lang='lat' dir='ltr'>ascendere</span> <span class='ocrx_word' id='word_1_48' title='bbox 1310 1214 1411 1279; x_wconf 88' lang='lat' dir='ltr'>vellet</span> <span class='ocrx_word' id='word_1_49' title='bbox 1433 1213 1623 1298; x_wconf 77' lang='lat' dir='ltr'>Olympum,</span> 
     </span>
    </p>

    <p class='ocr_par' dir='ltr' id='par_1_8' title="bbox 676 1317 1578 1403">
     <span class='ocr_line' id='line_1_9' title="bbox 676 1317 1578 1403; baseline -0.001 -20"><span class='ocrx_word' id='word_1_50' title='bbox 676 1326 711 1383; x_wconf 91' lang='lat' dir='ltr'>ut</span> <span class='ocrx_word' id='word_1_51' title='bbox 732 1339 832 1402; x_wconf 87' lang='lat' dir='ltr'>grave</span> <span class='ocrx_word' id='word_1_52' title='bbox 854 1317 981 1403; x_wconf 91' lang='lat' dir='ltr'>pondus</span> <span class='ocrx_word' id='word_1_53' title='bbox 1002 1319 1072 1401; x_wconf 81' lang='lat' dir='ltr'>agri</span> <span class='ocrx_word' id='word_1_54' title='bbox 1096 1318 1147 1383; x_wconf 90' lang='lat' dir='ltr'>vel</span> <span class='ocrx_word' id='word_1_55' title='bbox 1170 1317 1291 1382; x_wconf 89' lang='lat' dir='ltr'>nummi</span> <span class='ocrx_word' id='word_1_56' title='bbox 1313 1317 1421 1381; x_wconf 91' lang='lat' dir='ltr'>nullus</span> <span class='ocrx_word' id='word_1_57' title='bbox 1443 1317 1578 1382; x_wconf 88' lang='lat' dir='ltr'>haberet</span> 
     </span>
    </p>

    <p class='ocr_par' dir='ltr' id='par_1_9' title="bbox 678 1419 1599 1506">
     <span class='ocr_line' id='line_1_10' title="bbox 678 1419 1599 1506; baseline -0.001 -21"><span class='ocrx_word' id='word_1_58' title='bbox 678 1442 737 1487; x_wconf 92' lang='lat' dir='ltr'>nec</span> <span class='ocrx_word' id='word_1_59' title='bbox 761 1422 913 1487; x_wconf 91' lang='lat' dir='ltr'>retineret</span> <span class='ocrx_word' id='word_1_60' title='bbox 934 1440 1012 1506; x_wconf 90' lang='lat' dir='ltr'>opes</span> <span class='ocrx_word' id='word_1_61' title='bbox 1035 1421 1090 1503; x_wconf 91' lang='lat' dir='ltr'>qui</span> <span class='ocrx_word' id='word_1_62' title='bbox 1113 1419 1202 1485; x_wconf 89' lang='lat' dir='ltr'>caelo</span> <span class='ocrx_word' id='word_1_63' title='bbox 1224 1425 1403 1485; x_wconf 88' lang='lat' dir='ltr'>occurreret</span> <span class='ocrx_word' id='word_1_64' title='bbox 1425 1420 1529 1485; x_wconf 88' lang='lat' dir='ltr'>heres.</span> <span class='ocrx_word' id='word_1_65' title='bbox 1590 1475 1599 1491; x_wconf 85' lang='grc'><strong><em>,</em></strong></span> 
     </span>
    </p>

    <p class='ocr_par' dir='ltr' id='par_1_10' title="bbox 576 1521 1677 2019">
     <span class='ocr_line' id='line_1_11' title="bbox 576 1521 1677 1607; baseline 0.004 -24"><span class='ocrx_word' id='word_1_66' title='bbox 576 1549 581 1583; x_wconf 90' lang='lat'>:</span> <span class='ocrx_word' id='word_1_67' title='bbox 677 1545 815 1607; x_wconf 86' lang='lat' dir='ltr'>namque</span> <span class='ocrx_word' id='word_1_68' title='bbox 838 1544 919 1589; x_wconf 89' lang='lat' dir='ltr'>onus</span> <span class='ocrx_word' id='word_1_69' title='bbox 941 1543 1112 1589; x_wconf 90' lang='lat' dir='ltr'>ascensum</span> <span class='ocrx_word' id='word_1_70' title='bbox 1135 1529 1224 1589; x_wconf 86' lang='lat' dir='ltr'>vetat</span> <span class='ocrx_word' id='word_1_71' title='bbox 1245 1529 1276 1587; x_wconf 90' lang='lat' dir='ltr'>ct</span> <span class='ocrx_word' id='word_1_72' title='bbox 1299 1521 1496 1588; x_wconf 81' lang='lat' dir='ltr'><strong>descendere</strong></span> <span class='ocrx_word' id='word_1_73' title='bbox 1518 1529 1677 1606; x_wconf 87' lang='lat' dir='ltr'>praestat,</span> 
     </span>
     <span class='ocr_line' id='line_1_12' title="bbox 676 1625 1628 1709; baseline -0.001 -18"><span class='ocrx_word' id='word_1_74' title='bbox 676 1627 774 1692; x_wconf 88' lang='lat' dir='ltr'>imum</span> <span class='ocrx_word' id='word_1_75' title='bbox 798 1647 894 1693; x_wconf 86' lang='lat' dir='ltr'>versa</span> <span class='ocrx_word' id='word_1_76' title='bbox 916 1626 1046 1692; x_wconf 89' lang='lat' dir='ltr'>trahunt</span> <span class='ocrx_word' id='word_1_77' title='bbox 1067 1646 1127 1690; x_wconf 90' lang='lat' dir='ltr'>nec</span> <span class='ocrx_word' id='word_1_78' title='bbox 1148 1625 1181 1689; x_wconf 93' lang='lat' dir='ltr'>in</span> <span class='ocrx_word' id='word_1_79' title='bbox 1204 1625 1304 1690; x_wconf 90' lang='lat' dir='ltr'>altum</span> <span class='ocrx_word' id='word_1_80' title='bbox 1327 1625 1470 1709; x_wconf 89' lang='lat' dir='ltr'>pondera</span> <span class='ocrx_word' id='word_1_81' title='bbox 1493 1625 1628 1705; x_wconf 81' lang='lat' dir='ltr'>ducunt,</span> 
     </span>
     <span class='ocr_line' id='line_1_13' title="bbox 676 1727 1568 1813; baseline -0.001 -19"><span class='ocrx_word' id='word_1_82' title='bbox 676 1731 709 1795; x_wconf 93' lang='lat' dir='ltr'>in</span> <span class='ocrx_word' id='word_1_83' title='bbox 732 1739 870 1796; x_wconf 90' lang='lat' dir='ltr'>montem</span> <span class='ocrx_word' id='word_1_84' title='bbox 894 1728 1047 1813; x_wconf 86' lang='lat' dir='ltr'>gradiens</span> <span class='ocrx_word' id='word_1_85' title='bbox 1070 1729 1188 1794; x_wconf 88' lang='lat' dir='ltr'>titubat</span> <span class='ocrx_word' id='word_1_86' title='bbox 1210 1729 1269 1793; x_wconf 92' lang='lat' dir='ltr'>sub</span> <span class='ocrx_word' id='word_1_87' title='bbox 1292 1727 1380 1793; x_wconf 88' lang='lat' dir='ltr'>fasce</span> <span class='ocrx_word' id='word_1_88' title='bbox 1403 1728 1568 1808; x_wconf 88' lang='lat' dir='ltr'>columna,</span> 
     </span>
     <span class='ocr_line' id='line_1_14' title="bbox 678 1831 1515 1916; baseline 0 -21"><span class='ocrx_word' id='word_1_89' title='bbox 678 1833 785 1898; x_wconf 89' lang='lat' dir='ltr'>deficit</span> <span class='ocrx_word' id='word_1_90' title='bbox 807 1839 840 1898; x_wconf 92' lang='lat' dir='ltr'>et</span> <span class='ocrx_word' id='word_1_91' title='bbox 862 1831 987 1915; x_wconf 83' lang='lat' dir='ltr'>fragilis</span> <span class='ocrx_word' id='word_1_92' title='bbox 1010 1831 1118 1896; x_wconf 88' lang='lat' dir='ltr'>valido</span> <span class='ocrx_word' id='word_1_93' title='bbox 1141 1832 1201 1896; x_wconf 92' lang='lat' dir='ltr'>sub</span> <span class='ocrx_word' id='word_1_94' title='bbox 1224 1831 1365 1915; x_wconf 92' lang='lat' dir='ltr'>pondere</span> <span class='ocrx_word' id='word_1_95' title='bbox 1387 1831 1515 1916; x_wconf 88' lang='lat' dir='ltr'>planta;</span> 
     </span>
     <span class='ocr_line' id='line_1_15' title="bbox 677 1934 1558 2019; baseline -0.001 -20"><span class='ocrx_word' id='word_1_96' title='bbox 677 1937 793 2019; x_wconf 84' lang='lat' dir='ltr'><strong>mergit</strong></span> <span class='ocrx_word' id='word_1_97' title='bbox 814 1936 848 2000; x_wconf 94' lang='lat' dir='ltr'>in</span> <span class='ocrx_word' id='word_1_98' title='bbox 871 1935 1028 2000; x_wconf 91' lang='lat' dir='ltr'>undosum</span> <span class='ocrx_word' id='word_1_99' title='bbox 1051 1934 1246 2000; x_wconf 80' lang='lat' dir='ltr'>cumulatam</span> <span class='ocrx_word' id='word_1_100' title='bbox 1268 1934 1395 1999; x_wconf 80' lang='lat' dir='ltr'>sarcina</span> <span class='ocrx_word' id='word_1_101' title='bbox 1416 1954 1558 2019; x_wconf 89' lang='lat' dir='ltr'>proram:</span> 
     </span>
    </p>

    <p class='ocr_par' dir='ltr' id='par_1_11' title="bbox 576 2038 1596 2123">
     <span class='ocr_line' id='line_1_16' title="bbox 576 2038 1596 2123; baseline 0.003 -25"><span class='ocrx_word' id='word_1_102' title='bbox 576 2064 581 2098; x_wconf 74' lang='grc' dir='ltr'>ι</span> <span class='ocrx_word' id='word_1_103' title='bbox 612 2064 624 2101; x_wconf 74' lang='lat' dir='ltr'>c</span> <span class='ocrx_word' id='word_1_104' title='bbox 679 2047 713 2104; x_wconf 94' lang='lat' dir='ltr'>ut</span> <span class='ocrx_word' id='word_1_105' title='bbox 734 2047 824 2122; x_wconf 85' lang='lat' dir='ltr'>petet</span> <span class='ocrx_word' id='word_1_106' title='bbox 844 2039 888 2104; x_wconf 87' lang='lat' dir='ltr'>ad</span> <span class='ocrx_word' id='word_1_107' title='bbox 911 2047 1054 2123; x_wconf 84' lang='lat' dir='ltr'>portum,</span> <span class='ocrx_word' id='word_1_108' title='bbox 1081 2058 1186 2103; x_wconf 90' lang='lat' dir='ltr'>rerum</span> <span class='ocrx_word' id='word_1_109' title='bbox 1208 2038 1288 2104; x_wconf 86' lang='lat' dir='ltr'>lacit</span> <span class='ocrx_word' id='word_1_110' title='bbox 1309 2038 1445 2103; x_wconf 82' lang='lat' dir='ltr'><strong>entheca</strong></span> <span class='ocrx_word' id='word_1_111' title='bbox 1466 2038 1596 2104; x_wconf 87' lang='lat' dir='ltr'>iactum.</span> 
     </span>
    </p>

    <p class='ocr_par' dir='ltr' id='par_1_12' title="bbox 677 2140 1602 2535">
     <span class='ocr_line' id='line_1_17' title="bbox 764 2140 1532 2225; baseline -0.005 -18"><span class='ocrx_word' id='word_1_112' title='bbox 764 2141 826 2220; x_wconf 84' lang='lat' dir='ltr'>Qui</span> <span class='ocrx_word' id='word_1_113' title='bbox 850 2150 942 2225; x_wconf 88' lang='lat' dir='ltr'>pater</span> <span class='ocrx_word' id='word_1_114' title='bbox 963 2140 1108 2207; x_wconf 87' lang='lat' dir='ltr'>inlustris</span> <span class='ocrx_word' id='word_1_115' title='bbox 1131 2140 1260 2206; x_wconf 90' lang='lat' dir='ltr'>Paulini</span> <span class='ocrx_word' id='word_1_116' title='bbox 1282 2147 1376 2224; x_wconf 85' lang='lat' dir='ltr'>gesta</span> <span class='ocrx_word' id='word_1_117' title='bbox 1398 2141 1532 2207; x_wconf 86' lang='lat' dir='ltr'>beabat.</span> 
     </span>
     <span class='ocr_line' id='line_1_18' title="bbox 677 2244 1371 2329; baseline -0.001 -20"><span class='ocrx_word' id='word_1_118' title='bbox 677 2244 784 2310; x_wconf 90' lang='lat' dir='ltr'>floruit</span> <span class='ocrx_word' id='word_1_119' title='bbox 805 2245 919 2310; x_wconf 89' lang='lat' dir='ltr'>Italiae</span> <span class='ocrx_word' id='word_1_120' title='bbox 942 2265 1004 2326; x_wconf 85' lang='lat' dir='ltr'>quo</span> <span class='ocrx_word' id='word_1_121' title='bbox 1027 2252 1101 2329; x_wconf 90' lang='lat' dir='ltr'>post</span> <span class='ocrx_word' id='word_1_122' title='bbox 1122 2244 1265 2309; x_wconf 84' lang='lat' dir='ltr'>antistite</span> <span class='ocrx_word' id='word_1_123' title='bbox 1287 2245 1371 2308; x_wconf 89' lang='lat' dir='ltr'>Nola</span> 
     </span>
     <span class='ocr_line' id='line_1_19' title="bbox 678 2348 1479 2432; baseline -0.004 -19"><span class='ocrx_word' id='word_1_124' title='bbox 678 2369 742 2432; x_wconf 86' lang='lat' dir='ltr'>qua</span> <span class='ocrx_word' id='word_1_125' title='bbox 764 2349 853 2431; x_wconf 85' lang='lat' dir='ltr'>regio</span> <span class='ocrx_word' id='word_1_126' title='bbox 876 2349 1042 2432; x_wconf 86' lang='lat' dir='ltr'>Campana</span> <span class='ocrx_word' id='word_1_127' title='bbox 1066 2348 1157 2413; x_wconf 91' lang='lat' dir='ltr'>sedet</span> <span class='ocrx_word' id='word_1_128' title='bbox 1179 2354 1301 2413; x_wconf 91' lang='lat' dir='ltr'>rectore</span> <span class='ocrx_word' id='word_1_129' title='bbox 1324 2367 1479 2432; x_wconf 89' lang='lat' dir='ltr'>superno:</span> 
     </span>
     <span class='ocr_line' id='line_1_20' title="bbox 678 2450 1602 2535; baseline -0.004 -18"><span class='ocrx_word' id='word_1_130' title='bbox 678 2452 771 2518; x_wconf 90' lang='lat' dir='ltr'>dives</span> <span class='ocrx_word' id='word_1_131' title='bbox 792 2451 898 2535; x_wconf 83' lang='lat' dir='ltr'>agris,</span> <span class='ocrx_word' id='word_1_132' title='bbox 924 2451 1059 2535; x_wconf 86' lang='lat' dir='ltr'>opulens</span> <span class='ocrx_word' id='word_1_133' title='bbox 1082 2450 1231 2532; x_wconf 80' lang='lat' dir='ltr'>famulis,</span> <span class='ocrx_word' id='word_1_134' title='bbox 1258 2450 1438 2535; x_wconf 88' lang='lat' dir='ltr'>locupletus</span> <span class='ocrx_word' id='word_1_135' title='bbox 1460 2450 1602 2529; x_wconf 85' lang='lat' dir='ltr'>acervis,</span> 
     </span>
    </p>

    <p class='ocr_par' dir='ltr' id='par_1_13' title="bbox 578 2553 1577 3051">
     <span class='ocr_line' id='line_1_21' title="bbox 578 2553 1547 2635; baseline 0.005 -22"><span class='ocrx_word' id='word_1_136' title='bbox 578 2579 582 2613; x_wconf 88' lang='lat'><strong>:</strong></span> <span class='ocrx_word' id='word_1_137' title='bbox 668 2556 727 2619; x_wconf 78' lang='lat' dir='ltr'>¹vir</span> <span class='ocrx_word' id='word_1_138' title='bbox 749 2575 846 2621; x_wconf 91' lang='lat' dir='ltr'>censu</span> <span class='ocrx_word' id='word_1_139' title='bbox 869 2561 999 2635; x_wconf 85' lang='lat' dir='ltr'>vastus,</span> <span class='ocrx_word' id='word_1_140' title='bbox 1026 2555 1094 2619; x_wconf 86' lang='lat' dir='ltr'>lare</span> <span class='ocrx_word' id='word_1_141' title='bbox 1117 2555 1223 2619; x_wconf 92' lang='lat' dir='ltr'>celsus</span> <span class='ocrx_word' id='word_1_142' title='bbox 1246 2561 1279 2619; x_wconf 91' lang='lat' dir='ltr'>et</span> <span class='ocrx_word' id='word_1_143' title='bbox 1300 2574 1354 2618; x_wconf 92' lang='lat' dir='ltr'>ore</span> <span class='ocrx_word' id='word_1_144' title='bbox 1377 2553 1547 2634; x_wconf 90' lang='lat' dir='ltr'>rotundus,</span> 
     </span>
     <span class='ocr_line' id='line_1_22' title="bbox 678 2655 1469 2742; baseline -0.001 -20"><span class='ocrx_word' id='word_1_145' title='bbox 678 2657 773 2723; x_wconf 88' lang='lat' dir='ltr'>ditior</span> <span class='ocrx_word' id='word_1_146' title='bbox 794 2658 865 2741; x_wconf 92' lang='lat' dir='ltr'>ipse</span> <span class='ocrx_word' id='word_1_147' title='bbox 888 2656 952 2721; x_wconf 88' lang='lat' dir='ltr'>fide</span> <span class='ocrx_word' id='word_1_148' title='bbox 974 2677 1031 2742; x_wconf 93' lang='lat' dir='ltr'>pro</span> <span class='ocrx_word' id='word_1_149' title='bbox 1053 2657 1180 2723; x_wconf 82' lang='lat' dir='ltr'>Christo</span> <span class='ocrx_word' id='word_1_150' title='bbox 1202 2655 1238 2722; x_wconf 88' lang='lat' dir='ltr'>fit</span> <span class='ocrx_word' id='word_1_151' title='bbox 1260 2657 1323 2722; x_wconf 90' lang='lat' dir='ltr'>sibi</span> <span class='ocrx_word' id='word_1_152' title='bbox 1346 2677 1469 2741; x_wconf 90' lang='lat' dir='ltr'>pauper</span> 
     </span>
     <span class='ocr_line' id='line_1_23' title="bbox 678 2759 1577 2825; baseline 0 0"><span class='ocrx_word' id='word_1_153' title='bbox 678 2769 710 2825; x_wconf 92' lang='lat' dir='ltr'>et</span> <span class='ocrx_word' id='word_1_154' title='bbox 732 2759 822 2825; x_wconf 83' lang='lat' dir='ltr'>dedit</span> <span class='ocrx_word' id='word_1_155' title='bbox 843 2761 1025 2825; x_wconf 89' lang='lat' dir='ltr'>innumeros</span> <span class='ocrx_word' id='word_1_156' title='bbox 1048 2759 1242 2825; x_wconf 88' lang='lat' dir='ltr'>redimentes</span> <span class='ocrx_word' id='word_1_157' title='bbox 1265 2759 1400 2824; x_wconf 85' lang='lat' dir='ltr'>crimina</span> <span class='ocrx_word' id='word_1_158' title='bbox 1421 2780 1577 2825; x_wconf 91' lang='lat' dir='ltr'>nummos.</span> 
     </span>
     <span class='ocr_line' id='line_1_24' title="bbox 678 2863 1507 2948; baseline 0.001 -19"><span class='ocrx_word' id='word_1_159' title='bbox 678 2864 769 2929; x_wconf 90' lang='lat' dir='ltr'>cuius</span> <span class='ocrx_word' id='word_1_160' title='bbox 792 2883 904 2948; x_wconf 87' lang='lat' dir='ltr'>sparsa</span> <span class='ocrx_word' id='word_1_161' title='bbox 927 2864 997 2929; x_wconf 91' lang='lat' dir='ltr'>solo</span> <span class='ocrx_word' id='word_1_162' title='bbox 1020 2863 1171 2946; x_wconf 84' lang='lat' dir='ltr'>migravit</span> <span class='ocrx_word' id='word_1_163' title='bbox 1192 2863 1236 2929; x_wconf 88' lang='lat' dir='ltr'>ad</span> <span class='ocrx_word' id='word_1_164' title='bbox 1258 2871 1347 2929; x_wconf 88' lang='lat' dir='ltr'>astra</span> <span class='ocrx_word' id='word_1_165' title='bbox 1369 2864 1507 2930; x_wconf 83' lang='lat' dir='ltr'>facultas</span> 
     </span>
     <span class='ocr_line' id='line_1_25' title="bbox 679 2965 1485 3051; baseline -0.001 -18"><span class='ocrx_word' id='word_1_166' title='bbox 679 2968 755 3033; x_wconf 86' lang='lat' dir='ltr'>feeit</span> <span class='ocrx_word' id='word_1_167' title='bbox 777 2975 809 3033; x_wconf 91' lang='lat' dir='ltr'>et</span> <span class='ocrx_word' id='word_1_168' title='bbox 832 2967 865 3032; x_wconf 91' lang='lat' dir='ltr'>in</span> <span class='ocrx_word' id='word_1_169' title='bbox 888 2967 1015 3032; x_wconf 89' lang='lat' dir='ltr'>caelum</span> <span class='ocrx_word' id='word_1_170' title='bbox 1037 2966 1147 3051; x_wconf 86' lang='lat' dir='ltr'>pigras</span> <span class='ocrx_word' id='word_1_171' title='bbox 1169 2965 1346 3032; x_wconf 90' lang='lat' dir='ltr'>ascendere</span> <span class='ocrx_word' id='word_1_172' title='bbox 1368 2974 1485 3047; x_wconf 83' lang='lat' dir='ltr'>terras,</span> 
     </span>
    </p>

    <p class='ocr_par' dir='ltr' id='par_1_14' title="bbox 577 3068 1588 3463">
     <span class='ocr_line' id='line_1_26' title="bbox 577 3068 1588 3137; baseline 0.005 -6"><span class='ocrx_word' id='word_1_173' title='bbox 577 3096 581 3131; x_wconf 92' lang='lat'>:</span> <span class='ocrx_word' id='word_1_174' title='bbox 612 3094 624 3132; x_wconf 75' lang='lat' dir='ltr'>c</span> <span class='ocrx_word' id='word_1_175' title='bbox 678 3092 741 3137; x_wconf 92' lang='lat' dir='ltr'>uno</span> <span class='ocrx_word' id='word_1_176' title='bbox 764 3070 878 3136; x_wconf 89' lang='lat' dir='ltr'>stando</span> <span class='ocrx_word' id='word_1_177' title='bbox 901 3070 970 3135; x_wconf 92' lang='lat' dir='ltr'>loco</span> <span class='ocrx_word' id='word_1_178' title='bbox 993 3076 1025 3134; x_wconf 93' lang='lat' dir='ltr'>et</span> <span class='ocrx_word' id='word_1_179' title='bbox 1047 3068 1125 3134; x_wconf 88' lang='lat' dir='ltr'>dant</span> <span class='ocrx_word' id='word_1_180' title='bbox 1147 3070 1241 3134; x_wconf 88' lang='lat' dir='ltr'>bmta</span> <span class='ocrx_word' id='word_1_181' title='bbox 1264 3070 1307 3135; x_wconf 86' lang='lat' dir='ltr'>ad</span> <span class='ocrx_word' id='word_1_182' title='bbox 1330 3069 1438 3135; x_wconf 88' lang='lat' dir='ltr'>sidera</span> <span class='ocrx_word' id='word_1_183' title='bbox 1459 3071 1588 3136; x_wconf 89' lang='lat' dir='ltr'>saltum.</span> 
     </span>
     <span class='ocr_line' id='line_1_27' title="bbox 677 3172 1482 3259; baseline -0.002 -19"><span class='ocrx_word' id='word_1_184' title='bbox 677 3196 753 3259; x_wconf 86' lang='lat' dir='ltr'>ergo</span> <span class='ocrx_word' id='word_1_185' title='bbox 776 3173 1001 3257; x_wconf 80' lang='lat' dir='ltr'>euangelicum</span> <span class='ocrx_word' id='word_1_186' title='bbox 1024 3172 1159 3238; x_wconf 89' lang='lat' dir='ltr'>Paulino</span> <span class='ocrx_word' id='word_1_187' title='bbox 1180 3173 1324 3257; x_wconf 93' lang='lat' dir='ltr'>inplente</span> <span class='ocrx_word' id='word_1_188' title='bbox 1346 3174 1482 3239; x_wconf 88' lang='lat' dir='ltr'>relatum</span> 
     </span>
     <span class='ocr_line' id='line_1_28' title="bbox 679 3274 1586 3360; baseline -0.003 -17"><span class='ocrx_word' id='word_1_189' title='bbox 679 3279 833 3343; x_wconf 84' lang='lat' dir='ltr'>Martinus</span> <span class='ocrx_word' id='word_1_190' title='bbox 855 3275 989 3341; x_wconf 87' lang='lat' dir='ltr'>monitat</span> <span class='ocrx_word' id='word_1_191' title='bbox 1010 3274 1132 3341; x_wconf 86' lang='lat' dir='ltr'>cunctis</span> <span class='ocrx_word' id='word_1_192' title='bbox 1154 3276 1251 3341; x_wconf 85' lang='lat' dir='ltr'>talem</span> <span class='ocrx_word' id='word_1_193' title='bbox 1275 3295 1347 3341; x_wconf 91' lang='lat' dir='ltr'>esse</span> <span class='ocrx_word' id='word_1_194' title='bbox 1370 3277 1586 3360; x_wconf 75' lang='lat' dir='ltr'>sequendum,</span> 
     </span>
     <span class='ocr_line' id='line_1_29' title="bbox 678 3379 1448 3463; baseline -0.005 -16"><span class='ocrx_word' id='word_1_195' title='bbox 678 3382 805 3447; x_wconf 85' lang='lat' dir='ltr'>tranrite</span> <span class='ocrx_word' id='word_1_196' title='bbox 828 3379 953 3446; x_wconf 85' lang='lat' dir='ltr'>difficili</span> <span class='ocrx_word' id='word_1_197' title='bbox 976 3379 1079 3463; x_wconf 92' lang='lat' dir='ltr'>potuit</span> <span class='ocrx_word' id='word_1_198' title='bbox 1101 3379 1177 3461; x_wconf 86' lang='lat' dir='ltr'>quia</span> <span class='ocrx_word' id='word_1_199' title='bbox 1199 3399 1334 3462; x_wconf 82' lang='lat' dir='ltr'><strong>pergere</strong></span> <span class='ocrx_word' id='word_1_200' title='bbox 1357 3379 1448 3444; x_wconf 90' lang='lat' dir='ltr'>dives</span> 
     </span>
    </p>
   </div>
   <div class='ocr_carea' id='block_1_3' title="bbox 447 3592 704 3653">
    <p class='ocr_par' dir='ltr' id='par_1_15' title="bbox 447 3592 704 3653">
     <span class='ocr_line' id='line_1_30' title="bbox 447 3592 704 3653; baseline 0.004 -14"><span class='ocrx_word' id='word_1_201' title='bbox 447 3592 519 3653; x_wconf 75' lang='lat' dir='ltr'>Sulp.</span> <span class='ocrx_word' id='word_1_202' title='bbox 540 3594 596 3642; x_wconf 78' lang='lat' dir='ltr'>sev.</span> <span class='ocrx_word' id='word_1_203' title='bbox 622 3593 649 3643; x_wconf 83' lang='lat' dir='ltr'>V.</span> <span class='ocrx_word' id='word_1_204' title='bbox 672 3592 704 3640; x_wconf 82' lang='lat' dir='ltr'>M.</span> 
     </span>
    </p>
   </div>
   <div class='ocr_carea' id='block_1_4' title="bbox 342 3710 1972 4808">
    <p class='ocr_par' dir='ltr' id='par_1_16' title="bbox 342 3710 1970 4119">
     <span class='ocr_line' id='line_1_31' title="bbox 343 3710 1967 3776; baseline 0 -14"><span class='ocrx_word' id='word_1_205' title='bbox 343 3715 478 3776; x_wconf 83' lang='lat' dir='ltr'>plurimum</span> <span class='ocrx_word' id='word_1_206' title='bbox 498 3721 524 3761; x_wconf 89' lang='lat' dir='ltr'>et</span> <span class='ocrx_word' id='word_1_207' title='bbox 542 3715 643 3774; x_wconf 72' lang='lat' dir='ltr'>gavisus</span> <span class='ocrx_word' id='word_1_208' title='bbox 662 3715 688 3760; x_wconf 88' lang='lat' dir='ltr'>in</span> <span class='ocrx_word' id='word_1_209' title='bbox 707 3712 814 3770; x_wconf 88' lang='lat' dir='ltr'>domiuo,</span> <span class='ocrx_word' id='word_1_210' title='bbox 837 3711 900 3771; x_wconf 87' lang='lat' dir='ltr'>quod</span> <span class='ocrx_word' id='word_1_211' title='bbox 920 3712 983 3758; x_wconf 78' lang='lat' dir='ltr'>tanti</span> <span class='ocrx_word' id='word_1_212' title='bbox 1003 3716 1071 3758; x_wconf 88' lang='lat' dir='ltr'>esset</span> <span class='ocrx_word' id='word_1_213' title='bbox 1089 3710 1190 3757; x_wconf 85' lang='lat' dir='ltr'>habitus</span> <span class='ocrx_word' id='word_1_214' title='bbox 1209 3724 1223 3757; x_wconf 87' lang='lat' dir='ltr'>s</span> <span class='ocrx_word' id='word_1_215' title='bbox 1241 3710 1319 3769; x_wconf 85' lang='lat' dir='ltr'>nobis,</span> <span class='ocrx_word' id='word_1_216' title='bbox 1341 3723 1415 3771; x_wconf 90' lang='lat' dir='ltr'>quem</span> <span class='ocrx_word' id='word_1_217' title='bbox 1434 3710 1633 3771; x_wconf 79' lang='lat' dir='ltr'>peregrinatione</span> <span class='ocrx_word' id='word_1_218' title='bbox 1651 3717 1769 3774; x_wconf 78' lang='lat' dir='ltr'>suscepta</span> <span class='ocrx_word' id='word_1_219' title='bbox 1781 3717 1967 3772; x_wconf 82' lang='lat' dir='ltr'>expeteremus.</span> 
     </span>
     <span class='ocr_line' id='line_1_32' title="bbox 345 3795 1970 3861; baseline 0 -14"><span class='ocrx_word' id='word_1_220' title='bbox 345 3802 377 3861; x_wconf 78' lang='grc'>(3,</span> <span class='ocrx_word' id='word_1_221' title='bbox 400 3803 519 3848; x_wconf 85' lang='lat' dir='ltr'>urlscrum</span> <span class='ocrx_word' id='word_1_222' title='bbox 539 3814 578 3847; x_wconf 90' lang='lat' dir='ltr'>me</span> <span class='ocrx_word' id='word_1_223' title='bbox 597 3827 629 3835; x_wconf 93' lang='lat'>-</span> <span class='ocrx_word' id='word_1_224' title='bbox 648 3814 728 3860; x_wconf 79' lang='lat' dir='ltr'>paeno</span> <span class='ocrx_word' id='word_1_225' title='bbox 746 3810 794 3845; x_wconf 89' lang='lat' dir='ltr'>nou</span> <span class='ocrx_word' id='word_1_226' title='bbox 814 3797 892 3844; x_wconf 84' lang='lat' dir='ltr'>audeo</span> <span class='ocrx_word' id='word_1_227' title='bbox 911 3798 1022 3845; x_wconf 80' lang='lat' dir='ltr'>confiteri</span> <span class='ocrx_word' id='word_1_228' title='bbox 1040 3824 1075 3832; x_wconf 90' lang='lat'>-</span> <span class='ocrx_word' id='word_1_229' title='bbox 1093 3810 1149 3842; x_wconf 85' lang='lat' dir='ltr'>eum</span> <span class='ocrx_word' id='word_1_230' title='bbox 1169 3809 1208 3843; x_wconf 88' lang='lat' dir='ltr'>me</span> <span class='ocrx_word' id='word_1_231' title='bbox 1228 3803 1313 3844; x_wconf 85' lang='lat' dir='ltr'>sancto</span> <span class='ocrx_word' id='word_1_232' title='bbox 1331 3797 1446 3844; x_wconf 87' lang='lat' dir='ltr'>convivio</span> <span class='ocrx_word' id='word_1_233' title='bbox 1464 3808 1509 3843; x_wconf 89' lang='lat' dir='ltr'>suo</span> <span class='ocrx_word' id='word_1_234' title='bbox 1523 3795 1641 3857; x_wconf 77' lang='lat' dir='ltr'>dignatus</span> <span class='ocrx_word' id='word_1_235' title='bbox 1653 3802 1721 3844; x_wconf 88' lang='lat' dir='ltr'>esset</span> <span class='ocrx_word' id='word_1_236' title='bbox 1732 3798 1859 3860; x_wconf 83' lang='lat' dir='ltr'>adhlbcre,</span> <span class='ocrx_word' id='word_1_237' title='bbox 1878 3812 1970 3860; x_wconf 72' lang='lat' dir='ltr'>equum</span> 
     </span>
     <span class='ocr_line' id='line_1_33' title="bbox 345 3882 1969 3946; baseline 0 -14"><span class='ocrx_word' id='word_1_238' title='bbox 345 3887 461 3932; x_wconf 84' lang='lat' dir='ltr'>rrrsnibus</span> <span class='ocrx_word' id='word_1_239' title='bbox 480 3887 571 3933; x_wconf 86' lang='lat' dir='ltr'>uostris</span> <span class='ocrx_word' id='word_1_240' title='bbox 589 3886 643 3946; x_wconf 87' lang='lat' dir='ltr'>lpse</span> <span class='ocrx_word' id='word_1_241' title='bbox 662 3884 762 3942; x_wconf 82' lang='lat' dir='ltr'>obtulit,</span> <span class='ocrx_word' id='word_1_242' title='bbox 783 3883 812 3930; x_wconf 89' lang='lat' dir='ltr'>ad</span> <span class='ocrx_word' id='word_1_243' title='bbox 833 3897 965 3945; x_wconf 80' lang='lat' dir='ltr'>vesperum</span> <span class='ocrx_word' id='word_1_244' title='bbox 985 3887 1068 3929; x_wconf 84' lang='lat' dir='ltr'>sutem</span> <span class='ocrx_word' id='word_1_245' title='bbox 1088 3882 1164 3942; x_wconf 89' lang='lat' dir='ltr'>pedes</span> <span class='ocrx_word' id='word_1_246' title='bbox 1182 3884 1239 3942; x_wconf 90' lang='lat' dir='ltr'>ipse</span> <span class='ocrx_word' id='word_1_247' title='bbox 1257 3883 1329 3930; x_wconf 90' lang='lat' dir='ltr'>nobis</span> <span class='ocrx_word' id='word_1_248' title='bbox 1347 3882 1436 3930; x_wconf 77' lang='lat' dir='ltr'>abluit,</span> <span class='ocrx_word' id='word_1_249' title='bbox 1475 3895 1521 3929; x_wconf 85' lang='lat' dir='ltr'>uec</span> <span class='ocrx_word' id='word_1_250' title='bbox 1540 3883 1615 3931; x_wconf 88' lang='lat' dir='ltr'>reniti</span> <span class='ocrx_word' id='word_1_251' title='bbox 1634 3889 1678 3930; x_wconf 90' lang='lat' dir='ltr'>sut</span> <span class='ocrx_word' id='word_1_252' title='bbox 1695 3894 1779 3932; x_wconf 83' lang='lat' dir='ltr'>contra</span> <span class='ocrx_word' id='word_1_253' title='bbox 1796 3885 1833 3931; x_wconf 85' lang='lat' dir='ltr'>ire</span> <span class='ocrx_word' id='word_1_254' title='bbox 1850 3890 1969 3933; x_wconf 74' lang='lat' dir='ltr'>constan-</span> 
     </span>
     <span class='ocr_line' id='line_1_34' title="bbox 342 3968 1970 4031; baseline 0.001 -13"><span class='ocrx_word' id='word_1_255' title='bbox 342 3973 376 4018; x_wconf 84' lang='lat' dir='ltr'>tia</span> <span class='ocrx_word' id='word_1_256' title='bbox 396 3971 462 4018; x_wconf 83' lang='lat' dir='ltr'>luit:</span> <span class='ocrx_word' id='word_1_257' title='bbox 484 3973 519 4018; x_wconf 85' lang='lat' dir='ltr'>lta</span> <span class='ocrx_word' id='word_1_258' title='bbox 538 3972 684 4018; x_wconf 85' lang='lat' dir='ltr'>arretorltstc</span> <span class='ocrx_word' id='word_1_259' title='bbox 704 3970 774 4017; x_wconf 86' lang='lat' dir='ltr'>illins</span> <span class='ocrx_word' id='word_1_260' title='bbox 793 3983 927 4031; x_wconf 86' lang='lat' dir='ltr'>oppressus</span> <span class='ocrx_word' id='word_1_261' title='bbox 946 3983 1011 4030; x_wconf 86' lang='lat' dir='ltr'>snm,</span> <span class='ocrx_word' id='word_1_262' title='bbox 1032 3974 1062 4015; x_wconf 87' lang='lat' dir='ltr'>nt</span> <span class='ocrx_word' id='word_1_263' title='bbox 1081 3968 1151 4015; x_wconf 84' lang='lat' dir='ltr'>nolas</span> <span class='ocrx_word' id='word_1_264' title='bbox 1170 3975 1294 4029; x_wconf 85' lang='lat' dir='ltr'>putarem,</span> <span class='ocrx_word' id='word_1_265' title='bbox 1314 3969 1336 4015; x_wconf 89' lang='lat' dir='ltr'>si</span> <span class='ocrx_word' id='word_1_266' title='bbox 1355 3982 1405 4015; x_wconf 89' lang='lat' dir='ltr'>non</span> <span class='ocrx_word' id='word_1_267' title='bbox 1424 3968 1617 4028; x_wconf 82' lang='lat' dir='ltr'>adquievissem.</span> <span class='ocrx_word' id='word_1_268' title='bbox 1659 3968 1692 4030; x_wconf 79' lang='grc'>(1]</span> <span class='ocrx_word' id='word_1_269' title='bbox 1713 3983 1792 4019; x_wconf 86' lang='lat' dir='ltr'>sermo</span> <span class='ocrx_word' id='word_1_270' title='bbox 1803 3976 1886 4018; x_wconf 83' lang='lat' dir='ltr'>sutem</span> <span class='ocrx_word' id='word_1_271' title='bbox 1899 3970 1970 4019; x_wconf 81' lang='lat' dir='ltr'>illius</span> 
     </span>
     <span class='ocr_line' id='line_1_35' title="bbox 344 4054 1610 4119; baseline -0.002 -15"><span class='ocrx_word' id='word_1_272' title='bbox 344 4071 392 4104; x_wconf 87' lang='lat' dir='ltr'>non</span> <span class='ocrx_word' id='word_1_273' title='bbox 411 4058 476 4104; x_wconf 84' lang='lat' dir='ltr'>alius</span> <span class='ocrx_word' id='word_1_274' title='bbox 494 4056 560 4119; x_wconf 85' lang='lat' dir='ltr'>apud</span> <span class='ocrx_word' id='word_1_275' title='bbox 580 4070 623 4103; x_wconf 81' lang='lat' dir='ltr'>uos</span> <span class='ocrx_word' id='word_1_276' title='bbox 642 4057 699 4116; x_wconf 81' lang='lat' dir='ltr'>luit,</span> <span class='ocrx_word' id='word_1_277' title='bbox 721 4069 795 4117; x_wconf 88' lang='lat' dir='ltr'>qusm</span> <span class='ocrx_word' id='word_1_278' title='bbox 814 4055 903 4102; x_wconf 87' lang='lat' dir='ltr'>mundi</span> <span class='ocrx_word' id='word_1_279' title='bbox 920 4056 1059 4103; x_wconf 72' lang='lat' dir='ltr'>inlecebras</span> <span class='ocrx_word' id='word_1_280' title='bbox 1077 4060 1104 4102; x_wconf 90' lang='lat' dir='ltr'>et</span> <span class='ocrx_word' id='word_1_281' title='bbox 1121 4054 1213 4102; x_wconf 90' lang='lat' dir='ltr'>saeculi</span> <span class='ocrx_word' id='word_1_282' title='bbox 1232 4068 1306 4102; x_wconf 87' lang='lat' dir='ltr'>onera</span> <span class='ocrx_word' id='word_1_283' title='bbox 1324 4054 1487 4115; x_wconf 86' lang='lat' dir='ltr'>relinquenda</span> <span class='ocrx_word' id='word_1_284' title='bbox 1505 4068 1525 4102; x_wconf 81' lang='lat' dir='ltr'>e.</span> <span class='ocrx_word' id='word_1_285' title='bbox 1546 4069 1568 4115; x_wconf 83' lang='lat' dir='ltr'>q.</span> <span class='ocrx_word' id='word_1_286' title='bbox 1590 4069 1610 4103; x_wconf 87' lang='lat' dir='ltr'>s.</span> 
     </span>
    </p>

    <p class='ocr_par' dir='ltr' id='par_1_17' title="bbox 343 4140 1972 4549">
     <span class='ocr_line' id='line_1_36' title="bbox 413 4140 1970 4204; baseline 0.003 -16"><span class='ocrx_word' id='word_1_287' title='bbox 413 4144 453 4203; x_wconf 74' lang='lat' dir='ltr'>rt,</span> <span class='ocrx_word' id='word_1_288' title='bbox 476 4150 490 4192; x_wconf 78' lang='lat' dir='ltr'>t</span> <span class='ocrx_word' id='word_1_289' title='bbox 510 4143 807 4202; x_wconf 75' lang='lat' dir='ltr'>Praestantisslmnmquc</span> <span class='ocrx_word' id='word_1_290' title='bbox 826 4143 896 4189; x_wconf 82' lang='lat' dir='ltr'>noble</span> <span class='ocrx_word' id='word_1_291' title='bbox 915 4142 1084 4203; x_wconf 71' lang='lat' dir='ltr'>praesentlum</span> <span class='ocrx_word' id='word_1_292' title='bbox 1103 4146 1243 4202; x_wconf 87' lang='lat' dir='ltr'>temporum</span> <span class='ocrx_word' id='word_1_293' title='bbox 1261 4141 1376 4189; x_wconf 85' lang='lat' dir='ltr'>inlustris</span> <span class='ocrx_word' id='word_1_294' title='bbox 1395 4141 1441 4188; x_wconf 79' lang='lat' dir='ltr'>viri</span> <span class='ocrx_word' id='word_1_295' title='bbox 1460 4140 1570 4202; x_wconf 82' lang='lat' dir='ltr'>Paulini,</span> <span class='ocrx_word' id='word_1_296' title='bbox 1593 4142 1664 4191; x_wconf 89' lang='lat' dir='ltr'>cuius</span> <span class='ocrx_word' id='word_1_297' title='bbox 1683 4156 1758 4204; x_wconf 89' lang='lat' dir='ltr'>snprs</span> <span class='ocrx_word' id='word_1_298' title='bbox 1775 4144 1878 4191; x_wconf 85' lang='lat' dir='ltr'>lecimus</span> <span class='ocrx_word' id='word_1_299' title='bbox 1897 4156 1970 4192; x_wconf 88' lang='lat' dir='ltr'>msu-</span> 
     </span>
     <span class='ocr_line' id='line_1_37' title="bbox 343 4227 1971 4290; baseline 0.002 -16"><span class='ocrx_word' id='word_1_300' title='bbox 343 4229 446 4289; x_wconf 84' lang='lat' dir='ltr'>tionem,</span> <span class='ocrx_word' id='word_1_301' title='bbox 468 4229 611 4289; x_wconf 81' lang='lat' dir='ltr'>exemplum</span> <span class='ocrx_word' id='word_1_302' title='bbox 631 4229 773 4289; x_wconf 84' lang='lat' dir='ltr'>lugerebat,</span> <span class='ocrx_word' id='word_1_303' title='bbox 795 4230 838 4289; x_wconf 88' lang='lat' dir='ltr'>qui</span> <span class='ocrx_word' id='word_1_304' title='bbox 857 4229 962 4275; x_wconf 87' lang='lat' dir='ltr'>summis</span> <span class='ocrx_word' id='word_1_305' title='bbox 981 4228 1070 4290; x_wconf 86' lang='lat' dir='ltr'>opibus</span> <span class='ocrx_word' id='word_1_306' title='bbox 1089 4228 1193 4275; x_wconf 87' lang='lat' dir='ltr'>abiectis</span> <span class='ocrx_word' id='word_1_307' title='bbox 1213 4227 1339 4275; x_wconf 79' lang='lat' dir='ltr'>Christum</span> <span class='ocrx_word' id='word_1_308' title='bbox 1358 4231 1460 4275; x_wconf 88' lang='lat' dir='ltr'>secutus</span> <span class='ocrx_word' id='word_1_309' title='bbox 1477 4228 1544 4275; x_wconf 86' lang='lat' dir='ltr'>solus</span> <span class='ocrx_word' id='word_1_310' title='bbox 1562 4241 1642 4290; x_wconf 87' lang='lat' dir='ltr'>paene</span> <span class='ocrx_word' id='word_1_311' title='bbox 1661 4229 1699 4276; x_wconf 88' lang='lat' dir='ltr'>his</span> <span class='ocrx_word' id='word_1_312' title='bbox 1718 4231 1872 4290; x_wconf 77' lang='lat' dir='ltr'>temporibus</span> <span class='ocrx_word' id='word_1_313' title='bbox 1890 4242 1971 4278; x_wconf 80' lang='lat' dir='ltr'>euan-</span> 
     </span>
     <span class='ocr_line' id='line_1_38' title="bbox 343 4312 1972 4378; baseline 0.002 -18"><span class='ocrx_word' id='word_1_314' title='bbox 343 4315 421 4373; x_wconf 80' lang='lat' dir='ltr'>gslica</span> <span class='ocrx_word' id='word_1_315' title='bbox 440 4318 569 4375; x_wconf 77' lang='lat' dir='ltr'>praecepta</span> <span class='ocrx_word' id='word_1_316' title='bbox 588 4315 742 4376; x_wconf 87' lang='lat' dir='ltr'>couplcsset:</span> <span class='ocrx_word' id='word_1_317' title='bbox 764 4314 835 4361; x_wconf 88' lang='lat' dir='ltr'>illum</span> <span class='ocrx_word' id='word_1_318' title='bbox 856 4315 926 4362; x_wconf 89' lang='lat' dir='ltr'>nobis</span> <span class='ocrx_word' id='word_1_319' title='bbox 945 4314 1109 4375; x_wconf 87' lang='lat' dir='ltr'>sequendum,</span> <span class='ocrx_word' id='word_1_320' title='bbox 1131 4314 1204 4361; x_wconf 87' lang='lat' dir='ltr'>illum</span> <span class='ocrx_word' id='word_1_321' title='bbox 1222 4314 1343 4362; x_wconf 83' lang='lat' dir='ltr'>clamabat</span> <span class='ocrx_word' id='word_1_322' title='bbox 1359 4312 1523 4361; x_wconf 82' lang='lat' dir='ltr'>imitandum:</span> <span class='ocrx_word' id='word_1_323' title='bbox 1556 4313 1589 4375; x_wconf 75' lang='lat'>(5)</span> <span class='ocrx_word' id='word_1_324' title='bbox 1610 4314 1762 4376; x_wconf 86' lang='lat' dir='ltr'>beatumque</span> <span class='ocrx_word' id='word_1_325' title='bbox 1780 4329 1834 4363; x_wconf 83' lang='lat' dir='ltr'>esse</span> <span class='ocrx_word' id='word_1_326' title='bbox 1852 4328 1972 4378; x_wconf 82' lang='lat' dir='ltr'>praesens</span> 
     </span>
     <span class='ocr_line' id='line_1_39' title="bbox 344 4398 1972 4462; baseline 0.001 -14"><span class='ocrx_word' id='word_1_327' title='bbox 344 4400 471 4448; x_wconf 82' lang='lat' dir='ltr'>saeculum</span> <span class='ocrx_word' id='word_1_328' title='bbox 490 4404 574 4447; x_wconf 83' lang='lat' dir='ltr'>tantae</span> <span class='ocrx_word' id='word_1_329' title='bbox 593 4400 650 4446; x_wconf 87' lang='lat' dir='ltr'>tldei</span> <span class='ocrx_word' id='word_1_330' title='bbox 671 4401 821 4460; x_wconf 86' lang='lat' dir='ltr'>virtutisque</span> <span class='ocrx_word' id='word_1_331' title='bbox 841 4400 999 4462; x_wconf 86' lang='lat' dir='ltr'>documento,</span> <span class='ocrx_word' id='word_1_332' title='bbox 1019 4415 1075 4448; x_wconf 90' lang='lat' dir='ltr'>cnm</span> <span class='ocrx_word' id='word_1_333' title='bbox 1095 4400 1231 4448; x_wconf 90' lang='lat' dir='ltr'>secundum</span> <span class='ocrx_word' id='word_1_334' title='bbox 1250 4401 1402 4448; x_wconf 86' lang='lat' dir='ltr'>seutentiam</span> <span class='ocrx_word' id='word_1_335' title='bbox 1421 4399 1515 4447; x_wconf 88' lang='lat' dir='ltr'>domiui</span> <span class='ocrx_word' id='word_1_336' title='bbox 1534 4398 1604 4447; x_wconf 83' lang='lat' dir='ltr'>dives</span> <span class='ocrx_word' id='word_1_337' title='bbox 1622 4405 1649 4449; x_wconf 90' lang='lat' dir='ltr'>et</span> <span class='ocrx_word' id='word_1_338' title='bbox 1666 4401 1797 4462; x_wconf 79' lang='lat' dir='ltr'>possidens</span> <span class='ocrx_word' id='word_1_339' title='bbox 1815 4402 1895 4449; x_wconf 83' lang='lat' dir='ltr'>mults</span> <span class='ocrx_word' id='word_1_340' title='bbox 1907 4416 1972 4450; x_wconf 85' lang='lat' dir='ltr'>ven-</span> 
     </span>
     <span class='ocr_line' id='line_1_40' title="bbox 344 4485 1670 4549; baseline 0.004 -19"><span class='ocrx_word' id='word_1_341' title='bbox 344 4485 424 4532; x_wconf 86' lang='lat' dir='ltr'>dendo</span> <span class='ocrx_word' id='word_1_342' title='bbox 442 4486 523 4532; x_wconf 82' lang='lat' dir='ltr'>omnis</span> <span class='ocrx_word' id='word_1_343' title='bbox 542 4491 568 4533; x_wconf 86' lang='lat' dir='ltr'>et</span> <span class='ocrx_word' id='word_1_344' title='bbox 587 4485 668 4532; x_wconf 74' lang='lat' dir='ltr'>claudo</span> <span class='ocrx_word' id='word_1_345' title='bbox 685 4486 846 4547; x_wconf 82' lang='lat' dir='ltr'>pauperibus,</span> <span class='ocrx_word' id='word_1_346' title='bbox 868 4487 932 4546; x_wconf 91' lang='lat' dir='ltr'>quod</span> <span class='ocrx_word' id='word_1_347' title='bbox 951 4494 1003 4534; x_wconf 89' lang='lat' dir='ltr'>erst</span> <span class='ocrx_word' id='word_1_348' title='bbox 1021 4487 1090 4534; x_wconf 83' lang='lat' dir='ltr'>lactu</span> <span class='ocrx_word' id='word_1_349' title='bbox 1108 4487 1267 4549; x_wconf 83' lang='lat' dir='ltr'>inpossibile,</span> <span class='ocrx_word' id='word_1_350' title='bbox 1287 4486 1407 4549; x_wconf 87' lang='lat' dir='ltr'>possibile</span> <span class='ocrx_word' id='word_1_351' title='bbox 1425 4487 1529 4534; x_wconf 85' lang='lat' dir='ltr'>lecisset</span> <span class='ocrx_word' id='word_1_352' title='bbox 1545 4487 1670 4548; x_wconf 82' lang='lat' dir='ltr'>exemplo.</span> 
     </span>
    </p>

    <p class='ocr_par' dir='ltr' id='par_1_18' title="bbox 345 4571 1972 4808">
     <span class='ocr_line' id='line_1_41' title="bbox 413 4571 1971 4635; baseline 0.003 -18"><span class='ocrx_word' id='word_1_353' title='bbox 413 4572 455 4631; x_wconf 68' lang='grc'>96,</span> <span class='ocrx_word' id='word_1_354' title='bbox 474 4573 490 4618; x_wconf 84' lang='grc'>6</span> <span class='ocrx_word' id='word_1_355' title='bbox 510 4572 561 4618; x_wconf 86' lang='lat' dir='ltr'>lam</span> <span class='ocrx_word' id='word_1_356' title='bbox 574 4585 632 4619; x_wconf 78' lang='lat' dir='ltr'>sero</span> <span class='ocrx_word' id='word_1_357' title='bbox 645 4572 670 4618; x_wconf 91' lang='lat' dir='ltr'>ln</span> <span class='ocrx_word' id='word_1_358' title='bbox 684 4571 766 4617; x_wconf 81' lang='lat' dir='ltr'>verbis</span> <span class='ocrx_word' id='word_1_359' title='bbox 778 4576 804 4619; x_wconf 91' lang='lat' dir='ltr'>et</span> <span class='ocrx_word' id='word_1_360' title='bbox 816 4573 1016 4620; x_wconf 81' lang='lat' dir='ltr'>confabulatione</span> <span class='ocrx_word' id='word_1_361' title='bbox 1033 4574 1060 4633; x_wconf 81' lang='lat' dir='ltr'>(a.</span> <span class='ocrx_word' id='word_1_362' title='bbox 1075 4588 1100 4620; x_wconf 88' lang='lat' dir='ltr'>o.</span> <span class='ocrx_word' id='word_1_363' title='bbox 1114 4574 1173 4634; x_wconf 80' lang='lat'>391)</span> <span class='ocrx_word' id='word_1_364' title='bbox 1190 4574 1245 4621; x_wconf 90' lang='lat' dir='ltr'>eius</span> <span class='ocrx_word' id='word_1_365' title='bbox 1257 4578 1351 4634; x_wconf 80' lang='lat' dir='ltr'>quanta</span> <span class='ocrx_word' id='word_1_366' title='bbox 1363 4573 1479 4633; x_wconf 77' lang='lat' dir='ltr'>gravitas,</span> <span class='ocrx_word' id='word_1_367' title='bbox 1495 4579 1587 4634; x_wconf 86' lang='lat' dir='ltr'>quanta</span> <span class='ocrx_word' id='word_1_368' title='bbox 1599 4573 1711 4632; x_wconf 78' lang='lat' dir='ltr'>dignitas</span> <span class='ocrx_word' id='word_1_369' title='bbox 1722 4578 1788 4623; x_wconf 76' lang='lat' dir='ltr'>erat!</span> <span class='ocrx_word' id='word_1_370' title='bbox 1809 4586 1883 4635; x_wconf 79' lang='lat' dir='ltr'>quam</span> <span class='ocrx_word' id='word_1_371' title='bbox 1896 4586 1971 4622; x_wconf 81' lang='lat' dir='ltr'>scer</span> 
     </span>
     <span class='ocr_line' id='line_1_42' title="bbox 345 4655 1969 4724; baseline 0.002 -21"><span class='ocrx_word' id='word_1_372' title='bbox 345 4655 436 4719; x_wconf 71' lang='grc'>(13113,</span> <span class='ocrx_word' id='word_1_373' title='bbox 457 4659 537 4705; x_wconf 84' lang='lat' dir='ltr'>slscsr</span> <span class='ocrx_word' id='word_1_374' title='bbox 556 4658 628 4719; x_wconf 66' lang='lat' dir='ltr'>Ar),</span> <span class='ocrx_word' id='word_1_375' title='bbox 655 4672 730 4719; x_wconf 87' lang='lat' dir='ltr'>quam</span> <span class='ocrx_word' id='word_1_376' title='bbox 755 4659 843 4706; x_wconf 83' lang='lat' dir='ltr'>elllcax</span> <span class='ocrx_word' id='word_1_377' title='bbox 870 4664 937 4720; x_wconf 86' lang='lat' dir='ltr'>erat,</span> <span class='ocrx_word' id='word_1_378' title='bbox 965 4673 1040 4720; x_wconf 79' lang='lat' dir='ltr'>quam</span> <span class='ocrx_word' id='word_1_379' title='bbox 1059 4661 1085 4706; x_wconf 88' lang='lat' dir='ltr'>ln</span> <span class='ocrx_word' id='word_1_380' title='bbox 1104 4660 1263 4707; x_wconf 76' lang='lat' dir='ltr'>absolvendis</span> <span class='ocrx_word' id='word_1_381' title='bbox 1281 4660 1458 4721; x_wconf 86' lang='lat' dir='ltr'>scripturarum</span> <span class='ocrx_word' id='word_1_382' title='bbox 1477 4660 1665 4720; x_wconf 87' lang='lat' dir='ltr'>quaestiouibus</span> <span class='ocrx_word' id='word_1_383' title='bbox 1683 4665 1813 4724; x_wconf 88' lang='lat' dir='ltr'>promptus</span> <span class='ocrx_word' id='word_1_384' title='bbox 1830 4664 1855 4708; x_wconf 88' lang='lat' dir='ltr'>et</span> <span class='ocrx_word' id='word_1_385' title='bbox 1871 4659 1969 4708; x_wconf 79' lang='lat' dir='ltr'>laclllsl</span> 
     </span>
     <span class='ocr_line' id='line_1_43' title="bbox 348 4744 1972 4808; baseline 0.003 -19"><span class='ocrx_word' id='word_1_386' title='bbox 348 4744 381 4805; x_wconf 74' lang='grc'>(7]</span> <span class='ocrx_word' id='word_1_387' title='bbox 402 4748 427 4791; x_wconf 89' lang='lat' dir='ltr'>et</span> <span class='ocrx_word' id='word_1_388' title='bbox 440 4744 498 4804; x_wconf 86' lang='lat' dir='ltr'>qula</span> <span class='ocrx_word' id='word_1_389' title='bbox 510 4744 601 4792; x_wconf 88' lang='lat' dir='ltr'>multos</span> <span class='ocrx_word' id='word_1_390' title='bbox 615 4745 645 4791; x_wconf 91' lang='lat' dir='ltr'>sd</span> <span class='ocrx_word' id='word_1_391' title='bbox 659 4744 723 4791; x_wconf 86' lang='lat' dir='ltr'>hanc</span> <span class='ocrx_word' id='word_1_392' title='bbox 741 4751 835 4806; x_wconf 86' lang='lat' dir='ltr'>partem</span> <span class='ocrx_word' id='word_1_393' title='bbox 855 4744 995 4793; x_wconf 87' lang='lat' dir='ltr'>incredulos</span> <span class='ocrx_word' id='word_1_394' title='bbox 1013 4746 1073 4806; x_wconf 86' lang='lat' dir='ltr'>scio,</span> <span class='ocrx_word' id='word_1_395' title='bbox 1093 4746 1189 4807; x_wconf 86' lang='lat' dir='ltr'>quippe</span> <span class='ocrx_word' id='word_1_396' title='bbox 1201 4759 1263 4807; x_wconf 91' lang='lat' dir='ltr'>quos</span> <span class='ocrx_word' id='word_1_397' title='bbox 1276 4744 1381 4793; x_wconf 83' lang='lat' dir='ltr'>viderim</span> <span class='ocrx_word' id='word_1_398' title='bbox 1394 4745 1502 4808; x_wconf 83' lang='lat' dir='ltr'>meipso</span> <span class='ocrx_word' id='word_1_399' title='bbox 1514 4745 1590 4794; x_wconf 87' lang='lat' dir='ltr'>etism</span> <span class='ocrx_word' id='word_1_400' title='bbox 1601 4746 1727 4795; x_wconf 84' lang='lat' dir='ltr'>referente</span> <span class='ocrx_word' id='word_1_401' title='bbox 1739 4760 1788 4795; x_wconf 88' lang='lat' dir='ltr'>non</span> <span class='ocrx_word' id='word_1_402' title='bbox 1801 4745 1908 4806; x_wconf 87' lang='lat' dir='ltr'>credere,</span> <span class='ocrx_word' id='word_1_403' title='bbox 1929 4746 1972 4794; x_wconf 87' lang='lat' dir='ltr'>le·</span> 
     </span>
    </p>
   </div>
   <div class='ocr_carea' id='block_1_5' title="bbox 347 4905 498 4916">
    <p class='ocr_par' dir='ltr' id='par_1_19' title="bbox 347 4905 498 4916">
     <span class='ocr_line' id='line_1_44' title="bbox 347 4905 498 4916; baseline 0.007 -2"><span class='ocrx_word' id='word_1_404' title='bbox 347 4905 498 4916; x_wconf 52' lang='grc' dir='ltr'>-α-</span> 
     </span>
    </p>
   </div>
   <div class='ocr_carea' id='block_1_6' title="bbox 345 5016 1974 5770">
    <p class='ocr_par' dir='ltr' id='par_1_20' title="bbox 345 5016 1974 5770">
     <span class='ocr_line' id='line_1_45' title="bbox 414 5016 1973 5085; baseline 0.003 -19"><span class='ocrx_word' id='word_1_405' title='bbox 414 5017 463 5066; x_wconf 80' lang='grc'>362</span> <span class='ocrx_word' id='word_1_406' title='bbox 482 5018 576 5065; x_wconf 88' lang='lat' dir='ltr'>homini</span> <span class='ocrx_word' id='word_1_407' title='bbox 597 5016 663 5085; x_wconf 64' lang='grc' dir='ltr'>ΡΠ]</span> <span class='ocrx_word' id='word_1_408' title='bbox 683 5020 790 5067; x_wconf 83' lang='lat' dir='ltr'>hominis</span> <span class='ocrx_word' id='word_1_409' title='bbox 808 5018 874 5079; x_wconf 67' lang='lat' dir='ltr'>BH,</span> <span class='ocrx_word' id='word_1_410' title='bbox 896 5021 1009 5069; x_wconf 85' lang='lat' dir='ltr'>homines</span> <span class='ocrx_word' id='word_1_411' title='bbox 1029 5020 1099 5068; x_wconf 72' lang='lat' dir='ltr'>Nus</span> <span class='ocrx_word' id='word_1_412' title='bbox 1212 5021 1261 5070; x_wconf 89' lang='grc'>366</span> <span class='ocrx_word' id='word_1_413' title='bbox 1281 5024 1381 5070; x_wconf 88' lang='lat' dir='ltr'>sseculo</span> <span class='ocrx_word' id='word_1_414' title='bbox 1400 5021 1423 5068; x_wconf 90' lang='lat' dir='ltr'><em>N</em></span> <span class='ocrx_word' id='word_1_415' title='bbox 1525 5019 1573 5069; x_wconf 97' lang='grc'>367</span> <span class='ocrx_word' id='word_1_416' title='bbox 1594 5019 1667 5068; x_wconf 90' lang='lat' dir='ltr'>uellit</span> <span class='ocrx_word' id='word_1_417' title='bbox 1687 5020 1709 5066; x_wconf 91' lang='lat' dir='ltr'><strong><em>P</em></strong></span> <span class='ocrx_word' id='word_1_418' title='bbox 1811 5021 1929 5082; x_wconf 86' lang='lat' dir='ltr'>olimpum</span> <span class='ocrx_word' id='word_1_419' title='bbox 1950 5020 1973 5070; x_wconf 74' lang='lat' dir='ltr'><strong><em>L</em></strong></span> 
     </span>
     <span class='ocr_line' id='line_1_46' title="bbox 346 5102 1974 5171; baseline 0.003 -21"><span class='ocrx_word' id='word_1_420' title='bbox 346 5102 396 5152; x_wconf 86' lang='grc'>368</span> <span class='ocrx_word' id='word_1_421' title='bbox 414 5105 467 5163; x_wconf 75' lang='lat' dir='ltr'>agri</span> <span class='ocrx_word' id='word_1_422' title='bbox 485 5118 534 5152; x_wconf 88' lang='lat' dir='ltr'>om.</span> <span class='ocrx_word' id='word_1_423' title='bbox 549 5104 571 5151; x_wconf 87' lang='lat' dir='ltr'><em>B</em></span> <span class='ocrx_word' id='word_1_424' title='bbox 685 5108 726 5156; x_wconf 92' lang='lat' dir='ltr'>uel</span> <span class='ocrx_word' id='word_1_425' title='bbox 746 5108 841 5154; x_wconf 89' lang='lat' dir='ltr'>nummi</span> <span class='ocrx_word' id='word_1_426' title='bbox 864 5102 917 5171; x_wconf 84' lang='lat' dir='ltr'>PL]</span> <span class='ocrx_word' id='word_1_427' title='bbox 937 5108 1028 5168; x_wconf 89' lang='lat' dir='ltr'>uelquc</span> <span class='ocrx_word' id='word_1_428' title='bbox 1047 5109 1142 5155; x_wconf 87' lang='lat' dir='ltr'>nnurmi</span> <span class='ocrx_word' id='word_1_429' title='bbox 1163 5106 1222 5169; x_wconf 82' lang='grc' dir='ltr'>ΝΜ,</span> <span class='ocrx_word' id='word_1_430' title='bbox 1244 5109 1285 5156; x_wconf 91' lang='lat' dir='ltr'>uel</span> <span class='ocrx_word' id='word_1_431' title='bbox 1302 5121 1366 5168; x_wconf 86' lang='lat' dir='ltr'>quae</span> <span class='ocrx_word' id='word_1_432' title='bbox 1386 5108 1481 5155; x_wconf 90' lang='lat' dir='ltr'>numml</span> <span class='ocrx_word' id='word_1_433' title='bbox 1501 5107 1543 5154; x_wconf 81' lang='lat' dir='ltr'>Bs</span> <span class='ocrx_word' id='word_1_434' title='bbox 1664 5105 1800 5155; x_wconf 77' lang='lat' dir='ltr'>see-426</span> <span class='ocrx_word' id='word_1_435' title='bbox 1818 5109 1846 5155; x_wconf 81' lang='lat' dir='ltr'>trs</span> <span class='ocrx_word' id='word_1_436' title='bbox 1864 5107 1927 5155; x_wconf 85' lang='lat' dir='ltr'>Bet</span> <span class='ocrx_word' id='word_1_437' title='bbox 1945 5107 1974 5155; x_wconf 83' lang='grc'>11</span> 
     </span>
     <span class='ocr_line' id='line_1_47' title="bbox 345 5179 1973 5255; baseline 0.004 -20"><span class='ocrx_word' id='word_1_438' title='bbox 345 5194 435 5238; x_wconf 73' lang='lat' dir='ltr'>lurum</span> <span class='ocrx_word' id='word_1_439' title='bbox 452 5193 537 5252; x_wconf 72' lang='lat' dir='ltr'>scripit</span> <span class='ocrx_word' id='word_1_440' title='bbox 554 5196 639 5240; x_wconf 77' lang='lat' dir='ltr'>salunt</span> <span class='ocrx_word' id='word_1_441' title='bbox 658 5195 721 5241; x_wconf 80' lang='lat' dir='ltr'>inter</span> <span class='ocrx_word' id='word_1_442' title='bbox 739 5194 776 5253; x_wconf 84' lang='lat'>11,</span> <span class='ocrx_word' id='word_1_443' title='bbox 793 5193 842 5240; x_wconf 70' lang='lat'>:³84</span> <span class='ocrx_word' id='word_1_444' title='bbox 856 5197 878 5239; x_wconf 83' lang='lat' dir='ltr'>et</span> <span class='ocrx_word' id='word_1_445' title='bbox 892 5194 951 5254; x_wconf 75' lang='lat'>985,</span> <span class='ocrx_word' id='word_1_446' title='bbox 973 5196 1001 5242; x_wconf 82' lang='lat' dir='ltr'>in</span> <span class='ocrx_word' id='word_1_447' title='bbox 1018 5198 1117 5255; x_wconf 77' lang='lat' dir='ltr'>utroque</span> <span class='ocrx_word' id='word_1_448' title='bbox 1133 5197 1215 5254; x_wconf 84' lang='lat' dir='ltr'>prima</span> <span class='ocrx_word' id='word_1_449' title='bbox 1232 5209 1310 5241; x_wconf 80' lang='lat' dir='ltr'>manu</span> <span class='ocrx_word' id='word_1_450' title='bbox 1328 5199 1356 5241; x_wconf 81' lang='lat' dir='ltr'>ut</span> <span class='ocrx_word' id='word_1_451' title='bbox 1374 5194 1473 5241; x_wconf 74' lang='lat' dir='ltr'>videtur</span> <span class='ocrx_word' id='word_1_452' title='bbox 1489 5196 1577 5242; x_wconf 80' lang='lat' dir='ltr'>notati.</span> <span class='ocrx_word' id='word_1_453' title='bbox 1609 5179 1645 5239; x_wconf 53' lang='grc' dir='ltr'>Β]</span> <span class='ocrx_word' id='word_1_454' title='bbox 1662 5197 1684 5241; x_wconf 80' lang='lat' dir='ltr'>ct</span> <span class='ocrx_word' id='word_1_455' title='bbox 1703 5192 1731 5238; x_wconf 87' lang='grc' dir='ltr'><em>Μ</em></span> <span class='ocrx_word' id='word_1_456' title='bbox 1735 5180 1746 5218; x_wconf 69' lang='lat'><em>⁶</em></span> <span class='ocrx_word' id='word_1_457' title='bbox 1763 5193 1865 5242; x_wconf 79' lang='lat' dir='ltr'>enctcbo</span> <span class='ocrx_word' id='word_1_458' title='bbox 1881 5193 1924 5242; x_wconf 77' lang='lat' dir='ltr'>cot</span> <span class='ocrx_word' id='word_1_459' title='bbox 1941 5194 1973 5242; x_wconf 82' lang='lat' dir='ltr'>ab</span> 
     </span>
     <span class='ocr_line' id='line_1_48' title="bbox 348 5265 1973 5344; baseline 0.004 -22"><span class='ocrx_word' id='word_1_460' title='bbox 348 5275 429 5322; x_wconf 60' lang='lat' dir='ltr'>saw</span> <span class='ocrx_word' id='word_1_461' title='bbox 447 5277 595 5327; x_wconf 79' lang='lat' dir='ltr'>dissentiunt</span> <span class='ocrx_word' id='word_1_462' title='bbox 701 5277 750 5327; x_wconf 81' lang='grc'>363</span> <span class='ocrx_word' id='word_1_463' title='bbox 769 5280 862 5328; x_wconf 84' lang='lat' dir='ltr'>retinet</span> <span class='ocrx_word' id='word_1_464' title='bbox 875 5265 947 5341; x_wconf 70' lang='lat' dir='ltr'>MB⁶‚</span> <span class='ocrx_word' id='word_1_465' title='bbox 967 5279 1123 5327; x_wconf 79' lang='lat' dir='ltr'>retinebatS</span> <span class='ocrx_word' id='word_1_466' title='bbox 1228 5280 1278 5329; x_wconf 87' lang='grc'>376</span> <span class='ocrx_word' id='word_1_467' title='bbox 1297 5280 1449 5328; x_wconf 85' lang='lat' dir='ltr'>descendere</span> <span class='ocrx_word' id='word_1_468' title='bbox 1464 5275 1527 5344; x_wconf 87' lang='grc' dir='ltr'>ΡΝ]</span> <span class='ocrx_word' id='word_1_469' title='bbox 1545 5279 1689 5327; x_wconf 88' lang='lat' dir='ltr'>discendere</span> <span class='ocrx_word' id='word_1_470' title='bbox 1707 5280 1761 5329; x_wconf 71' lang='lat' dir='ltr'>rell.</span> <span class='ocrx_word' id='word_1_471' title='bbox 1869 5278 1918 5328; x_wconf 77' lang='grc'>373</span> <span class='ocrx_word' id='word_1_472' title='bbox 1937 5281 1973 5328; x_wconf 86' lang='lat' dir='ltr'>tl-</span> 
     </span>
     <span class='ocr_line' id='line_1_49' title="bbox 346 5361 1973 5431; baseline 0.004 -23"><span class='ocrx_word' id='word_1_473' title='bbox 346 5364 448 5413; x_wconf 82' lang='lat' dir='ltr'>tubsbat</span> <span class='ocrx_word' id='word_1_474' title='bbox 467 5364 491 5412; x_wconf 89' lang='lat' dir='ltr'><em>N</em></span> <span class='ocrx_word' id='word_1_475' title='bbox 592 5368 636 5415; x_wconf 83' lang='lat' dir='ltr'>sul</span> <span class='ocrx_word' id='word_1_476' title='bbox 654 5364 681 5412; x_wconf 83' lang='grc'>11</span> <span class='ocrx_word' id='word_1_477' title='bbox 785 5363 834 5412; x_wconf 91' lang='grc'>373</span> <span class='ocrx_word' id='word_1_478' title='bbox 855 5365 948 5412; x_wconf 81' lang='lat' dir='ltr'>defecit</span> <span class='ocrx_word' id='word_1_479' title='bbox 968 5365 991 5412; x_wconf 86' lang='lat' dir='ltr'><strong><em>N</em></strong></span> <span class='ocrx_word' id='word_1_480' title='bbox 1094 5381 1142 5426; x_wconf 89' lang='lat' dir='ltr'>sup</span> <span class='ocrx_word' id='word_1_481' title='bbox 1159 5365 1188 5414; x_wconf 77' lang='lat' dir='ltr'>Sl</span> <span class='ocrx_word' id='word_1_482' title='bbox 1294 5365 1342 5414; x_wconf 84' lang='grc'>374</span> <span class='ocrx_word' id='word_1_483' title='bbox 1362 5369 1445 5427; x_wconf 81' lang='lat' dir='ltr'>uergit</span> <span class='ocrx_word' id='word_1_484' title='bbox 1463 5363 1497 5412; x_wconf 61' lang='grc'>13</span> <span class='ocrx_word' id='word_1_485' title='bbox 1600 5365 1753 5413; x_wconf 88' lang='lat' dir='ltr'>cumulstam</span> <span class='ocrx_word' id='word_1_486' title='bbox 1773 5361 1807 5431; x_wconf 83' lang='lat' dir='ltr'>L]</span> <span class='ocrx_word' id='word_1_487' title='bbox 1824 5365 1973 5414; x_wconf 76' lang='lat' dir='ltr'>comulatam</span> 
     </span>
     <span class='ocr_line' id='line_1_50' title="bbox 347 5447 1974 5516; baseline 0.002 -19"><span class='ocrx_word' id='word_1_488' title='bbox 347 5449 377 5512; x_wconf 87' lang='lat' dir='ltr'>P,</span> <span class='ocrx_word' id='word_1_489' title='bbox 396 5452 523 5499; x_wconf 78' lang='lat' dir='ltr'>cumulate</span> <span class='ocrx_word' id='word_1_490' title='bbox 541 5454 594 5500; x_wconf 82' lang='lat' dir='ltr'>rell.</span> <span class='ocrx_word' id='word_1_491' title='bbox 702 5451 751 5499; x_wconf 81' lang='grc'>375</span> <span class='ocrx_word' id='word_1_492' title='bbox 771 5450 878 5499; x_wconf 78' lang='lat' dir='ltr'>entheca</span> <span class='ocrx_word' id='word_1_493' title='bbox 898 5447 930 5516; x_wconf 94' lang='lat' dir='ltr'>P]</span> <span class='ocrx_word' id='word_1_494' title='bbox 948 5456 1036 5498; x_wconf 83' lang='lat' dir='ltr'>enteca</span> <span class='ocrx_word' id='word_1_495' title='bbox 1056 5449 1097 5511; x_wconf 75' lang='lat' dir='ltr'>L²‚</span> <span class='ocrx_word' id='word_1_496' title='bbox 1119 5453 1225 5512; x_wconf 84' lang='lat' dir='ltr'>emptica</span> <span class='ocrx_word' id='word_1_497' title='bbox 1242 5455 1297 5501; x_wconf 74' lang='lat' dir='ltr'>rell.</span> <span class='ocrx_word' id='word_1_498' title='bbox 1416 5451 1838 5501; x_wconf 79' lang='lat' dir='ltr'>376sssnruurr1u1snunsrsN</span> <span class='ocrx_word' id='word_1_499' title='bbox 1940 5452 1974 5500; x_wconf 90' lang='lat' dir='ltr'>ll·</span> 
     </span>
     <span class='ocr_line' id='line_1_51' title="bbox 346 5525 1973 5604; baseline 0.001 -21"><span class='ocrx_word' id='word_1_500' title='bbox 346 5538 470 5586; x_wconf 74' lang='lat' dir='ltr'>lustrisd</span> <span class='ocrx_word' id='word_1_501' title='bbox 608 5537 656 5586; x_wconf 88' lang='grc'>377</span> <span class='ocrx_word' id='word_1_502' title='bbox 681 5552 730 5598; x_wconf 87' lang='lat' dir='ltr'>quo</span> <span class='ocrx_word' id='word_1_503' title='bbox 748 5532 812 5601; x_wconf 61' lang='lat' dir='ltr'>stt]</span> <span class='ocrx_word' id='word_1_504' title='bbox 836 5537 881 5597; x_wconf 90' lang='lat' dir='ltr'>qui</span> <span class='ocrx_word' id='word_1_505' title='bbox 898 5538 951 5584; x_wconf 79' lang='lat' dir='ltr'>rell.</span> <span class='ocrx_word' id='word_1_506' title='bbox 1093 5537 1280 5587; x_wconf 85' lang='lat' dir='ltr'>arrtestlte·Pdl</span> <span class='ocrx_word' id='word_1_507' title='bbox 1418 5538 1468 5587; x_wconf 88' lang='grc'>378</span> <span class='ocrx_word' id='word_1_508' title='bbox 1493 5538 1565 5586; x_wconf 88' lang='lat' dir='ltr'>sedet</span> <span class='ocrx_word' id='word_1_509' title='bbox 1584 5534 1651 5604; x_wconf 63' lang='lat' dir='ltr'>Pte]</span> <span class='ocrx_word' id='word_1_510' title='bbox 1676 5538 1742 5586; x_wconf 85' lang='lat' dir='ltr'>sedit</span> <span class='ocrx_word' id='word_1_511' title='bbox 1759 5539 1813 5587; x_wconf 76' lang='lat' dir='ltr'>rell.</span> <span class='ocrx_word' id='word_1_512' title='bbox 1838 5538 1911 5599; x_wconf 77' lang='lat' dir='ltr'>(redit</span> <span class='ocrx_word' id='word_1_513' title='bbox 1928 5525 1973 5599; x_wconf 53' lang='lat' dir='ltr'>BP)</span> 
     </span>
     <span class='ocr_line' id='line_1_52' title="bbox 345 5621 1974 5690; baseline 0.001 -20"><span class='ocrx_word' id='word_1_514' title='bbox 345 5623 394 5671; x_wconf 86' lang='grc'>379</span> <span class='ocrx_word' id='word_1_515' title='bbox 413 5624 480 5672; x_wconf 87' lang='lat' dir='ltr'>diuis</span> <span class='ocrx_word' id='word_1_516' title='bbox 500 5623 545 5670; x_wconf 71' lang='lat'>1⁶1⁰</span> <span class='ocrx_word' id='word_1_517' title='bbox 660 5624 796 5686; x_wconf 86' lang='lat' dir='ltr'>loeopletos</span> <span class='ocrx_word' id='word_1_518' title='bbox 815 5621 845 5668; x_wconf 87' lang='grc' dir='ltr'>ΡΙ</span> <span class='ocrx_word' id='word_1_519' title='bbox 858 5636 921 5671; x_wconf 80' lang='lat' dir='ltr'>corr.</span> <span class='ocrx_word' id='word_1_520' title='bbox 938 5622 968 5668; x_wconf 83' lang='lat' dir='ltr'>Pl</span> <span class='ocrx_word' id='word_1_521' title='bbox 1092 5623 1141 5672; x_wconf 77' lang='lat'>385</span> <span class='ocrx_word' id='word_1_522' title='bbox 1160 5625 1248 5683; x_wconf 79' lang='lat' dir='ltr'>sydera</span> <span class='ocrx_word' id='word_1_523' title='bbox 1267 5623 1285 5670; x_wconf 81' lang='grc'>8</span> <span class='ocrx_word' id='word_1_524' title='bbox 1402 5624 1452 5673; x_wconf 88' lang='grc'>386</span> <span class='ocrx_word' id='word_1_525' title='bbox 1470 5625 1664 5684; x_wconf 76' lang='lat' dir='ltr'>euuangelienm</span> <span class='ocrx_word' id='word_1_526' title='bbox 1683 5625 1705 5670; x_wconf 92' lang='lat' dir='ltr'><em>P</em></span> <span class='ocrx_word' id='word_1_527' title='bbox 1808 5625 1923 5687; x_wconf 89' lang='lat' dir='ltr'>lnplents</span> <span class='ocrx_word' id='word_1_528' title='bbox 1941 5621 1974 5690; x_wconf 87' lang='lat' dir='ltr'>P]</span> 
     </span>
     <span class='ocr_line' id='line_1_53' title="bbox 345 5709 889 5770; baseline -0.002 -15"><span class='ocrx_word' id='word_1_529' title='bbox 345 5710 465 5770; x_wconf 84' lang='lat' dir='ltr'>implente</span> <span class='ocrx_word' id='word_1_530' title='bbox 484 5709 576 5756; x_wconf 74' lang='lat' dir='ltr'><em>BLMS</em></span> <span class='ocrx_word' id='word_1_531' title='bbox 679 5710 729 5758; x_wconf 59' lang='grc'>388</span> <span class='ocrx_word' id='word_1_532' title='bbox 749 5709 844 5756; x_wconf 85' lang='lat' dir='ltr'>tramiti</span> <span class='ocrx_word' id='word_1_533' title='bbox 867 5709 889 5755; x_wconf 71' lang='grc' dir='ltr'><em>Ν</em></span> 
     </span>
    </p>
   </div>
   <div class='ocr_carea' id='block_1_7' title="bbox 0 0 2198 6180">
    <p class='ocr_par' dir='ltr' id='par_1_21' title="bbox 0 0 2198 6180">
     <span class='ocr_line' id='line_1_54' title="bbox 0 0 2198 6180; baseline 0 0"><span class='ocrx_word' id='word_1_534' title='bbox 0 0 2198 6180; x_wconf 95' lang='lat' dir='ltr'> </span> 
     </span>
    </p>
   </div>
  </div>
 </body>
</html>
