4374 6186
759 407 854 465 VITA
873 407 1048 465 sundran
1067 406 1323 465 RADEGVNDIS.
1813 411 1854 472 49

226 599 414 666 transmisso
437 600 534 666 refert
556 620 596 666 ea
618 598 696 665 hora
717 599 875 683 migrasse
898 599 1016 665 iustam
1039 598 1080 664 de
1103 599 1246 680 saeculo,
1272 605 1304 664 et
1325 597 1444 682 triplici
1466 597 1629 680 mysterio,
1656 616 1784 664 carcere
1804 616 1856 664 re-

225 705 345 786 laxato,
371 703 499 769 tribuno
522 721 601 768 sano
624 701 758 783 reddito,
774 699 954 768 ‘aedificato
976 702 1107 787 templo,
1134 707 1265 767 sanctae
1287 701 1434 786 probavit
1456 700 1629 766 oraculum.

316 809 377 890 (91)
406 806 472 872 Sed
494 805 535 872 de
558 806 674 871 beatae
697 805 867 871 virtutibus
890 803 1031 871 sufficiat
1053 804 1225 888 exiguitas,
1250 823 1292 869 ne
1314 803 1498 869 fastidiatur
1517 804 1655 885 ubertas,
1683 823 1743 870 uec
1757 823 1854 889 repu-
1876 806 2024 873 XXXIX

225 915 310 975 tetur
331 908 566 988 brevissimum,
593 907 647 973 ubi
671 907 711 973 de
734 908 848 992 paucis
871 907 1057 990 agnoscitur
1078 907 1112 972 iu
1134 906 1299 972 miraculis
1322 905 1509 991 amplitudo,
1537 926 1602 989 qua
1623 906 1753 992 pictate,
1780 926 1856 992 par-

192 1013 337 1094 scitatc,
364 1011 550 1090 dilectione,
578 1010 766 1091 dulcedine,
794 1011 985 1092 humilitate,
1012 1009 1192 1089 honestate,
1218 1009 1293 1090 fide,
1321 1010 1446 1076 fervore
1470 1009 1516 1075 sic
1538 1009 1666 1091 vixerit,
1693 1017 1727 1075 ut
1749 1008 1857 1075 adhuc

224 1115 328 1199 ipsam
351 1122 424 1199 post
445 1114 565 1181 obitum
588 1114 720 1198 gloriosi
742 1114 896 1181 transitus
918 1114 1080 1180 mirabilia
1101 1119 1344 1198 prosequantur.

697 1880 832 1979 VITA
864 1878 1060 1978 sundri
1090 1878 1378 1976 MARCELLI.

315 2112 354 2193 (l)
384 2110 526 2176 Donruo
550 2127 679 2175 ssucro
702 2129 746 2176 nr
768 2128 908 2175 ursarrrs
931 2128 1183 2176 on‘rmnnrrsvs
1205 2127 1416 2176 snosronrco
1438 2127 1521 2174 vrao
1544 2127 1582 2173 ru
1597 2108 1740 2174 Cnursrr
1759 2126 1855 2175 cuar—
1877 2112 1893 2177 I

224 2231 312 2277 rsus
335 2230 508 2293 avanano,
535 2232 607 2279 sano
630 2232 754 2278 uvunnr
777 2230 1043 2295 rnsnnounrrno,
1069 2229 1206 2278 norrruo
1229 2232 1273 2278 nr
1296 2231 1402 2279 nvncr
1424 2231 1526 2278 nsum
1550 2211 1724 2278 Gnausuo
1746 2231 1855 2277 Pansa

175 2339 204 2380 ro
223 2316 465 2382 Foa‘rvrranvs.
518 2317 556 2400 (2)
584 2315 831 2382 Facundissima
859 2314 1042 2381 inlustrium
1072 2322 1231 2382 oratorum
1252 2316 1383 2400 ingenia
1406 2334 1589 2382 sermonum
1611 2314 1688 2381 flore
1711 2314 1856 2381 variante

224 2419 376 2486 distincta
406 2426 437 2484 et
469 2419 589 2501 eloquii
611 2418 820 2486 vernantibus
842 2418 1003 2503 pampinis
1026 2419 1217 2484 obumbrata
1239 2419 1343 2485 solent
1365 2418 1427 2483 sibi
1450 2418 1533 2484 viles
1555 2437 1673 2485 causas
1696 2417 1856 2484 sterilem-

223 2543 285 2606 que
309 2523 477 2589 materiam
500 2542 665 2604 quaerere,
692 2529 727 2588 ut
751 2542 869 2605 magua
892 2522 1029 2588 dicendo
1052 2521 1093 2586 de
1116 2521 1256 2586 minimis
1278 2520 1448 2587 videantur
1463 2520 1632 2587 ostendere
1648 2521 1698 2586 sui
1714 2519 1855 2585 fluminis

223 2625 418 2706 ubertatem,
446 2625 523 2708 quia
546 2625 704 2691 habentes
726 2625 811 2689 iutra
833 2643 868 2690 se
892 2624 997 2690 fontes
1020 2623 1224 2706 eloquentiae
1247 2623 1288 2689 de
1310 2624 1381 2708 ipso
1405 2624 1490 2690 sicco
1513 2625 1654 2690 themate
1677 2623 1857 2690 didicerunt

224 2727 328 2793 undas
351 2727 490 2794 haurire.
538 2728 631 2793 Vude
662 2727 817 2811 quidquid
846 2727 911 2793 illis
940 2726 1118 2810 iniungitur
1148 2727 1289 2793 carmine
1317 2727 1445 2811 inriguo
1475 2727 1633 2812 copiosius
1662 2727 1852 2812 explicatur.

175 2855 204 2894 rs
228 2831 269 2914 (3)
296 2831 415 2897 Verum
439 2837 568 2897 econtm
598 2830 790 2914 quicumque
821 2836 979 2915 angustae
1007 2829 1248 2913 intellegentiae
1278 2830 1428 2897 ariditate
1457 2837 1616 2896 torrentur
1644 2850 1705 2896 uec
1735 2829 1857 2897 habent

223 2933 422 3000 affluentiam
451 2933 637 3000 inundantis
667 2933 799 3016 eloquii,
835 2953 893 3018 per
921 2952 1016 3017 quam
1046 2933 1098 2998 vel
1120 2932 1202 2997 alios
1224 2932 1355 2999 reficere
1378 2933 1433 2999 vel
1455 2953 1533 2999 suae
1557 2933 1711 2999 siccitatis
1733 2933 1857 3019 possint

222 3038 364 3122 inopiam
386 3045 585 3123 temperare,
619 3038 703 3103 tales
726 3057 789 3102 non
812 3037 915 3102 solum
938 3036 1049 3119 aliqua
1071 3057 1134 3102 nou
1158 3056 1216 3120 per
1238 3055 1272 3102 se
1296 3034 1404 3102 dicere
1427 3043 1597 3120 appetunt,
1624 3055 1734 3103 verum
1757 3036 1855 3103 etiam

223 3141 251 3205 si
278 3141 357 3225 quid
386 3142 435 3207 eis
467 3142 644 3207 iniunctum
675 3140 771 3205 fuerit
792 3138 1052 3224 perhorrescunt,
1087 3139 1238 3221 quoniam
1261 3147 1414 3223 quantum
1438 3138 1541 3206 doctis
1563 3139 1710 3225 proloqui
1732 3146 1855 3205 tantum

222 3243 359 3311 indoctis
382 3244 462 3310 utile
485 3244 521 3311 fit
542 3252 660 3310 tacere.
708 3243 792 3307 Nam
814 3242 864 3307 illi
887 3243 927 3308 de
950 3241 1059 3326 parvis
1083 3261 1201 3324 magna
1224 3241 1393 3323 disserere,
1419 3242 1473 3308 isti
1496 3242 1537 3309 de
1559 3243 1687 3327 magnis
1708 3242 1857 3310 nesciunt

173 3369 203 3410 ao
224 3348 276 3412 vel
310 3368 411 3432 parra
444 3348 604 3432 proferre,
643 3353 675 3411 et
707 3345 781 3412 ideo
811 3346 898 3427 quod
927 3344 967 3409 ab
999 3343 1073 3409 aliis
1104 3343 1269 3426 quaeritur
1298 3345 1340 3410 ab
1370 3344 1444 3409 aliis
1474 3335 1673 3411 formidatur.
1735 3346 1775 3430 (l)
1795 3345 1856 3441 ⁸Sic

222 3449 430 3533 belligerator
452 3459 603 3535 expertus
625 3450 658 3514 in
682 3449 780 3514 armis
802 3447 912 3514 damni
934 3467 1007 3513 esse
1030 3454 1172 3532 reputat,
1201 3447 1229 3512 si
1251 3468 1314 3512 nou
1336 3447 1440 3532 possit
1461 3448 1579 3532 iugiter
1601 3448 1746 3514 iuvenire
1768 3448 1856 3531 quod

223 3552 342 3617 vincat.
390 3553 456 3618 Sed
480 3554 562 3619 sicut
585 3552 674 3618 fortis
698 3551 830 3635 requirit
852 3549 938 3616 unde
962 3551 1059 3615 ducat
1082 3549 1205 3635 spolia,
1232 3550 1278 3616 sic
1303 3551 1420 3616 debilis
1442 3551 1572 3632 metuit,
1600 3572 1641 3618 ue
1664 3551 1801 3617 ducatur
1822 3551 1855 3616 in

223 3655 394 3740 praedam:
424 3663 457 3721 et
479 3655 566 3737 quod
588 3675 663 3720 acer
684 3654 829 3720 invenire
852 3652 1015 3719 desiderat
1037 3653 1124 3719 iners
1147 3653 1199 3719 vel
1223 3654 1335 3720 audire
1360 3654 1521 3720 formidat.

314 3758 352 3840 (5)
381 3757 480 3823 Cuius
509 3757 648 3843 exempli
678 3757 784 3841 gratia
814 3776 884 3821 cum
915 3756 986 3842 ipse
1010 3756 1128 3823 sterilis
1152 3755 1305 3822 scientiae
1327 3756 1553 3823 convenienter
1575 3776 1708 3823 accuser
1728 3776 1789 3822 nec
1811 3756 1853 3822 sit
1874 3760 1906 3825 ll

172 3881 202 3924 rs
222 3860 255 3925 in
286 3882 336 3927 me
365 3859 491 3944 aliquid
512 3859 598 3944 quod
620 3860 748 3925 venusti
771 3859 926 3926 sermonis
949 3869 1139 3927 ornamenta
1161 3860 1400 3941 commendent,
1435 3858 1514 3944 quid
1535 3858 1593 3925 tibi
1617 3859 1720 3924 visum
1742 3859 1850 3942 fuerit,

222 3969 315 4048 pater
344 3963 533 4029 beatissime
556 3971 652 4045 atque
675 3963 913 4046 amantissime,
948 3970 1134 4029 cunctanter
1155 3961 1309 4042 admiror,
1345 3970 1380 4028 ut
1401 3962 1442 4029 de
1466 3961 1661 4027 sanctissimi
1682 3962 1744 4027 viri
1765 3962 1853 4028 Mar-

222 4066 297 4133 celli
331 4066 489 4133 antestitis
524 4066 591 4132 vita
624 4067 714 4132 nullo
744 4066 806 4133 fine
837 4065 1020 4133 claudenda
1051 4072 1082 4131 et
1113 4065 1153 4132 de
1182 4065 1241 4130 illa
1269 4063 1402 4131 caelesti
1430 4064 1581 4150 lampade
1611 4085 1703 4132 meae
1730 4065 1854 4149 aliquid

222 4170 355 4254 dignum
387 4169 602 4236 committeres
626 4168 803 4251 scintillae,
838 4189 909 4235 cum
933 4190 994 4253 ego
1017 4189 1141 4255 pauper
1162 4167 1294 4251 ingenio
1318 4175 1351 4233 et
1372 4168 1427 4234 illc
1451 4167 1543 4234 dives
1566 4167 1609 4234 sit
1630 4168 1758 4249 merito,
1792 4189 1853 4253 ego

222 4273 283 4338 sim
306 4271 438 4338 humilis
460 4272 494 4337 in
518 4293 665 4339 sermone
689 4280 721 4338 et
743 4273 800 4339 ille
824 4272 865 4339 sit
887 4273 1038 4357 egregius
1061 4273 1094 4337 in
1117 4272 1278 4352 mercede,
1313 4271 1503 4356 praesertim
1526 4291 1598 4339 cum
1621 4271 1713 4338 robis
1736 4272 1853 4338 multo-

309 4583 320 4634 1
341 4588 418 4634 misso
439 4586 459 4632 Τ
563 4587 655 4633 lustum
674 4588 796 4646 migrasse
817 4586 838 4632 Τ
939 4586 1049 4634 relaxato
1068 4587 1168 4634 tribuno
1187 4579 1257 4649 sano]
1275 4591 1379 4631 uacuuto
1397 4584 1499 4632 tribuno
1518 4583 1662 4632 mutual*
1778 4579 1852 4651 fin]

221 4685 269 4719 om.
290 4670 336 4719 LE
439 4685 503 4733 quae
521 4670 568 4718 LE
672 4669 754 4738 dale]
773 4687 821 4721 om.
848 4672 868 4719 Τ
972 4667 1064 4738 adhuc]
1083 4670 1133 4732 LE,
1156 4676 1180 4719 et
1198 4669 1229 4718 ad
1248 4668 1303 4731 ΡΜ,
1325 4675 1352 4717 et
1373 4667 1435 4731 (GT)
1541 4666 1771 4737 ssprosaquantur]
1788 4683 1847 4722 m.

221 4769 271 4806 uun.
293 4770 303 4804 1
322 4757 378 4808 odd.
401 4757 431 4818 P,
451 4769 574 4805 axrurcrr
591 4769 652 4805 arra
670 4770 774 4806 unsrun
792 4770 965 4807 manorunrs
983 4757 1043 4807 add.
1066 4757 1096 4818 L,
1116 4756 1252 4804 adiuuante
1271 4754 1320 4803 dn'o
1337 4757 1382 4817 qui
1400 4755 1468 4803 uiuit
1485 4761 1511 4802 et
1529 4761 1616 4816 regnat
1634 4757 1661 4805 ln
1680 4757 1779 4806 macula
1796 4770 1851 4806 sae·

221 4844 332 4891 culorum
349 4857 423 4892 aman
441 4842 500 4891 add.
522 4843 550 4905 Ε,
572 4843 694 4892 humanae
713 4845 872 4906 eloquentiae
891 4843 979 4892 modus
997 4842 1150 4892 ammirando
1167 4843 1288 4890 attonitus
1306 4842 1405 4891 ultibus
1424 4843 1550 4904 explicare
1569 4844 1674 4892 minime
1693 4844 1769 4892 ualet.
1801 4856 1851 4892 ux-

220 4941 308 4977 rurorr
327 4942 389 4976 urna
408 4942 527 4978 aaronis
546 4943 715 4979 aanscrrrnrs
733 4943 814 4978 narra
832 4945 849 4978 a
867 4942 1023 4978 rotmaro
1041 4941 1164 4976 sarseoro
1182 4927 1240 4977 add.
1266 4927 1300 4985 T,
1330 4929 1456 4976 humanae
1480 4928 1638 4991 eloquentlae
1664 4930 1752 4979 modus
1770 4930 1851 4980 admi·

221 5015 296 5063 tundo
319 5017 441 5064 attonitus
466 5030 510 5079 pre
530 5017 626 5064 utribus
646 5017 770 5079 explicare
789 5018 893 5065 minime
913 5016 990 5064 ualet.
1019 5017 1053 5064 stt
1071 5021 1154 5064 umen
1173 5015 1212 5062 llll
1230 5015 1274 5076 qui
1293 5013 1366 5063 dedit
1383 5014 1460 5073 glorla
1478 5014 1533 5063 laus
1551 5021 1578 5063 et
1595 5016 1731 5077 importum
1749 5016 1776 5064 ln
1795 5030 1851 5065 sae·

220 5101 275 5149 cula
292 5101 456 5150 saeculorum.
477 5116 558 5153 aman.
596 5115 719 5151 sxrnrcrr
737 5116 817 5150 ursan
835 5115 933 5151 sarava
951 5115 1032 5149 vrrau
1051 5114 1151 5149 aurora
1171 5113 1341 5149 mauranus
1360 5113 1479 5149 naaman
1500 5104 1631 5163 (anurcrr
1649 5114 1712 5149 vrrs
1731 5113 1851 5149 sanem

220 5199 389 5236 auusarnurs
407 5201 528 5236 susurrus
551 5189 577 5250 Y)
599 5188 657 5238 cdd.
680 5190 704 5236 X
710 5190 730 5236 Υ
830 5192 942 5251 sequitur
964 5189 1019 5238 Vita
1038 5188 1064 5238 Β.
1086 5186 1245 5248 Budepuadta
1263 5202 1279 5236 u
1296 5186 1455 5236 Boudoalutn
1472 5191 1606 5248 compositu
1624 5186 1749 5235 ΡΜΘΤΧ
1754 5187 1775 5235 Υ

307 5273 321 5320 'l
341 5275 455 5335 prologus
475 5311 504 5325 ..
522 5311 551 5324 ..
573 5277 685 5324 fortunat
705 5272 710 5341 (
733 5276 786 5324 uita
804 5276 839 5325 u'ei
859 5277 968 5325 marcelli
985 5290 1003 5339 p
1024 5271 1028 5342 Ι
1050 5277 1142 5324 storum
1160 5274 1204 5337 &i
1223 5278 1361 5323 atramento
1381 5276 1408 5323 in
1424 5288 1475 5333 ηις.
1495 5287 1542 5321 aer.
1564 5271 1597 5332 Μ,
1626 5276 1653 5321 tn
1670 5273 1850 5322 facundissima

220 5361 306 5419 incipit
325 5359 355 5420 P,
373 5361 504 5420 prolapum
522 5375 569 5409 om.
586 5362 608 5408 F
745 5359 856 5429 ilpatri]
873 5376 921 5409 om.
938 5361 966 5408 M
1098 5359 1130 5409 10
1148 5356 1285 5426 oratorum]
1304 5358 1335 5422 P,
1355 5361 1468 5407 uirorum
1488 5358 1514 5405 Μ
1649 5357 1677 5408 11
1698 5358 1804 5420 eloquiis
1823 5356 1853 5405 Μ

222 5442 251 5493 13
271 5442 310 5511 aa]
328 5458 377 5495 om.
393 5445 420 5492 M
534 5446 565 5495 14
583 5447 651 5495 unde
670 5463 739 5494 »aas
761 5453 793 5508 [e.
814 5443 907 5510 qliquic
926 5451 952 5496 in
970 5448 1045 5496 titum
1065 5443 1111 5509 P²l
1131 5442 1135 5513 Ι
1151 5445 1213 5508 quid
1230 5445 1282 5493 lllls
1302 5444 1325 5492 P
1427 5435 1539 5506 copiosu⁸
1559 5443 1587 5491 Μ
1702 5443 1734 5494 16
1753 5444 1849 5507 aliquos

222 5529 273 5593 (Μ)
392 5534 433 5580 uel
451 5528 523 5599 suae]
542 5546 601 5582 suae
621 5533 649 5580 Μ
762 5536 855 5596 possim
876 5534 905 5583 Μ
1020 5533 1051 5583 ll
1070 5533 1156 5594 ullqua
1174 5528 1236 5598 non]
1253 5530 1377 5593 aliquaP
1496 5528 1526 5579 19
1544 5532 1579 5579 stt
1596 5529 1697 5593 Suriae,
1719 5529 1753 5591 ef.
1774 5544 1851 5592 cupro

218 5632 243 5677 p.
259 5618 301 5679 31,
322 5618 371 5666 13
475 5617 712 5681 separataeque
826 5618 857 5670 21
878 5621 991 5682 expertis
1010 5619 1057 5680 Pl,
1077 5633 1138 5666 corr.
1160 5615 1207 5680 1²²,
1226 5631 1274 5666 om.
1295 5616 1386 5666 Suriae
1491 5617 1597 5680 deputat
1615 5616 1704 5664 Barim
1807 5619 1850 5666 tu-

219 5700 295 5770 glter]
313 5705 410 5764 lntegar
428 5702 517 5752 Suriae
621 5703 654 5753 26
672 5712 817 5756 constanter
835 5705 923 5755 Sarius

296 5803 429 5846 varrum
444 5802 604 5847 rosunum.
1625 5804 1640 5853 ’1
