4374 6186
319 410 340 473 4
926 404 1098 462 VENANTI
1115 403 1337 461 FORTVNATI

321 601 355 662 et
381 601 496 661 cuncta
524 594 649 660 familia
677 595 711 660 in
741 594 868 661 nomine
895 594 1015 661 domini
1036 602 1222 662 meruerunt
1243 595 1364 680 pariter
1384 594 1553 679 baptizari.
1600 595 1691 674 Quae
1713 596 1878 661 Florentia
1900 616 1952 661 re-

321 697 407 765 lictis
435 698 623 783 parentibus
652 697 801 782 vestigiis
830 697 900 763 eius
929 699 1101 765 inhaerens
1124 718 1227 782 usque
1249 697 1389 764 Pietatis
1411 697 1566 783 perducta
1587 705 1653 765 est:
1688 706 1812 784 patrem
1835 719 1871 766 se
1892 698 1953 772 har

220 804 299 870 VIII
320 801 396 868 bere
418 822 482 869 nou
503 823 525 868 a
538 822 601 886 quo
616 808 772 886 generata
787 808 845 882 est,
873 801 932 867 sed
946 821 1005 887 per
1019 822 1113 887 quem
1130 809 1319 885 regenerata
1335 808 1394 881 est,
1420 802 1639 887 praedicabat.
1692 804 1752 883 (24)
1780 803 1860 869 Cum
1875 809 1951 868 vero

320 904 501 971 Seleuciam
530 905 745 990 pervenisset,
780 925 897 988 magno
926 904 1036 970 favore
1063 925 1083 970 a
1105 905 1226 971 cunctis
1250 910 1404 989 exceptus
1427 911 1493 987 est,
1527 925 1565 971 eo
1588 906 1674 990 quod
1696 905 1806 971 divina
1827 906 1952 971 miseri-

320 1008 428 1074 cordia
456 1009 554 1074 talem
583 1009 686 1074 virum
716 1007 1000 1094 prudentissimum
1031 1015 1064 1074 et
1091 1009 1249 1092 singulari
1281 1008 1459 1075 eruditione
1490 1017 1685 1094 compertum
1713 1010 1745 1075 in
1769 1011 1985 1094 spectaculou

318 1111 431 1178 mundi
452 1113 651 1198 produceret,
677 1113 733 1177 ubi
756 1118 825 1178 erat
847 1112 888 1178 de
910 1111 975 1179 fide
998 1113 1205 1178 censendum.
1256 1112 1319 1197 (25)
1345 1113 1429 1178 Hinc
1451 1120 1523 1198 post
1545 1113 1814 1179 examinationem
1833 1114 1952 1197 agnitis

319 1216 465 1282 hostibus
489 1223 521 1282 et
543 1215 717 1301 oppressis,
745 1214 884 1282 decretis
906 1215 940 1281 in
962 1215 1122 1301 scriptura
1144 1215 1289 1296 conditis,
1316 1236 1470 1302 prospera
1485 1204 1601 1299 gerens
1617 1217 1733 1302 synodi
1748 1217 1896 1300 dirigitur
1910 1216 1951 1282 ad

318 1318 545 1405 imperatorem
574 1319 710 1403 legatio:
746 1339 818 1385 cum
848 1338 911 1403 qua
940 1319 1081 1404 perrexit
1110 1327 1241 1385 sanctus
1262 1319 1423 1402 Hilarius,
1457 1320 1604 1405 quamvis
1627 1320 1657 1385 ei
1679 1341 1743 1386 non
1766 1321 1881 1386 fuisset
1902 1320 1952 1385 in-

318 1422 480 1506 iunctum,
516 1430 663 1490 metuens
693 1443 734 1488 ne
763 1422 871 1487 adhuc
900 1429 1010 1489 contra
1040 1421 1206 1507 religionis
1236 1422 1390 1506 dogmata
1418 1424 1591 1509 respiraret
1620 1424 1773 1489 damnata
1802 1423 1949 1508 perfidia.

324 1528 385 1611 (26)
412 1526 479 1594 Sed
501 1526 660 1594 disserere
683 1528 812 1609 longum
837 1533 896 1609 est,
924 1526 1063 1610 qualiter
1078 1525 1274 1592 Ariminensi
1297 1527 1420 1611 synodo
1437 1527 1617 1611 composita
1630 1526 1791 1592 mentione
1807 1526 1896 1592 alind
1911 1546 1952 1591 ex
1973 1549 2003 1589 ιο

319 1630 384 1696 alio
406 1631 550 1697 referens
572 1630 661 1695 fraus
683 1630 848 1696 haeretica
870 1630 1053 1715 serpentino
1076 1631 1171 1714 lapsu
1193 1629 1352 1715 subripuit
1375 1636 1407 1696 et
1429 1636 1541 1715 postea
1556 1630 1674 1714 legatis
1690 1629 1952 1696 Seleuciensibus

318 1752 378 1819 per
398 1733 600 1820 imperatoris
622 1732 822 1816 iniquitatem
844 1733 917 1818 ipsa
940 1740 989 1798 est
1009 1733 1111 1799 inlata
1134 1733 1307 1798 calumnia.
1359 1736 1420 1817 (27)
1447 1731 1541 1810 Quod
1562 1741 1670 1799 tanmn
1692 1734 1807 1799 beatus
1830 1734 1953 1799 athleta

320 1835 439 1903 Christi
464 1836 609 1903 Hilarius
638 1855 817 1921 agnoscens
847 1836 988 1920 graviter
1017 1836 1105 1922 apud
1126 1837 1305 1902 Ariminum
1334 1836 1457 1902 diaboli
1484 1837 1706 1921 praevaluisse
1735 1835 1948 1919 mendacium,

318 1938 354 2005 in
380 1944 504 2006 tantum
534 1946 570 2005 ut
598 1946 631 2005 et
661 1940 833 2006 orientales
859 1946 968 2026 partes
990 1940 1138 2006 similiter
1159 1939 1334 2024 composito
1357 1939 1431 2005 fuco
1453 1939 1611 2022 inficeret,
1646 1940 1829 2025 imperatori
1850 1939 1982 2006 tribus·

320 2041 441 2110 libellis
464 2043 580 2110 oblatis
603 2063 716 2128 preces
739 2043 862 2124 effudit,
895 2043 985 2109 utin
1007 2045 1078 2110 eius
1101 2051 1273 2129 conspectu
1297 2043 1440 2109 collectis
1462 2044 1659 2109 adversariis
1681 2051 1768 2109 esset
1790 2043 1822 2109 ei
1844 2050 1952 2110 contra
1973 2066 2003 2107 ιι

319 2145 499 2213 haereticos
522 2147 723 2234 disceptandi
746 2147 787 2213 de
809 2147 966 2231 religione
988 2147 1136 2230 licentia,
1170 2167 1211 2212 ne
1234 2147 1402 2213 veritatem
1426 2146 1556 2213 falsitas
1579 2147 1800 2229 obumbraret,
1832 2168 1873 2213 ne
1896 2167 1952 2212 ae-

320 2249 434 2334 quitati
454 2249 609 2333 iniquitas
632 2251 856 2337 praevaleret,
889 2270 930 2316 ne
952 2251 1126 2335 imperator
1147 2250 1217 2316 Deo
1239 2250 1419 2331 resisteret,
1446 2270 1487 2316 ne
1509 2250 1585 2317 fidei
1608 2250 1745 2335 perfidia
1767 2251 1949 2317 rebellaret.

323 2354 386 2437 (28)
413 2353 506 2419 Vnde
524 2354 645 2419 Valens
668 2360 701 2420 et
719 2353 868 2419 Vrsatius
890 2353 1106 2420 conscientiae
1129 2360 1220 2419 reatu
1242 2353 1410 2439 perterriti,
1437 2353 1588 2436 qnoniam
1611 2353 1639 2418 si
1661 2353 1791 2419 daretur
1814 2354 1952 2419 facultas

320 2456 473 2540 certandi,
499 2476 573 2522 mox
596 2477 631 2523 se
647 2457 920 2541 recognoscebant
934 2456 1052 2522 Hilarii
1067 2457 1267 2523 contentione
1282 2456 1450 2541 prosterni,
1477 2457 1651 2523 sollicitant
1664 2457 1866 2543 imperatoris
1881 2457 1952 2522 ani-

320 2580 406 2626 mum
427 2566 552 2627 tantum
573 2559 607 2627 in
630 2560 776 2645 maligna
796 2569 888 2646 parte
912 2561 1084 2646 captivum,
1111 2567 1146 2626 ut
1167 2560 1272 2647 ipsum
1295 2560 1515 2627 beatissimum
1538 2560 1643 2626 redire
1665 2561 1709 2626 ad
1731 2560 1856 2626 Gallias
1878 2582 1952 2646 per·
1971 2582 2002 2625 no

321 2670 481 2747 urgueret,
508 2664 652 2730 dicentes
673 2664 731 2730 illo
751 2670 922 2749 praesente
937 2665 1101 2731 haeretica
1116 2684 1180 2729 non
1195 2683 1291 2749 posse
1306 2664 1564 2729 machinamenta
1579 2664 1741 2749 proficere.
1794 2668 1854 2747 (29)
1882 2663 1952 2742 Quo

321 2768 452 2833 obtentu
475 2767 519 2833 ad
541 2768 666 2833 Gallias
690 2768 875 2853 compulsus
897 2768 1085 2850 revertitur,
1111 2775 1228 2853 putans
1250 2768 1364 2852 magis·
1379 2766 1519 2852 amplius
1542 2787 1578 2833 se
1600 2767 1668 2852 pati
1690 2768 1839 2849 exilium,
1866 2768 1952 2851 quod

318 2869 399 2936 illuc
412 2870 684 2954 perturbationem
699 2869 858 2937 ecclesiae
874 2871 1075 2954 relinquebat
1089 2871 1223 2938 termino
1238 2891 1301 2937 non
1319 2878 1439 2938 secuto.
1489 2873 1549 2956 (30)
1570 2871 1597 2937 0
1613 2872 1741 2937 beatum
1757 2872 1947 2956 pontificem,

320 2973 375 3058 qui
404 2974 438 3039 in
467 2993 591 3039 summo
620 2974 805 3041 discrimine
833 2974 956 3041 inimici
984 2973 1102 3040 iudicis
1131 2974 1212 3040 adiit
1241 2975 1382 3042 tribunal
1408 2973 1534 3058 imperii
1556 2974 1626 3040 sine
1648 2975 1761 3040 timore
1783 2975 1948 3041 tormenti!

320 3078 403 3143 Vere
425 3077 499 3143 totis
520 3076 698 3143 uisceribus
720 3077 881 3162 diligebat
902 3078 1022 3144 Christi
1043 3099 1196 3160 regnum,
1228 3078 1283 3161 qui
1305 3099 1369 3143 non
1391 3078 1585 3143 formidabat
1606 3078 1640 3143 in
1662 3078 1845 3163 principatu
1868 3080 1952 3146 (lon-
1971 3099 2003 3142 as

321 3180 487 3246 stantium.
534 3181 617 3246 Nam
641 3181 726 3265 quod
748 3201 784 3247 se
807 3202 863 3266 pro
886 3181 1014 3248 domino
1038 3181 1084 3249 sic
1105 3181 1274 3265 ingerebat
1296 3189 1408 3267 aperto
1423 3181 1577 3267 periculo,
1604 3183 1735 3266 optabat
1750 3182 1947 3267 martyrium,

321 3285 349 3350 si
371 3304 434 3350 non
456 3283 614 3350 defuisset
634 3304 820 3370 percussor:
848 3293 1010 3352 ettamen
1032 3286 1160 3351 animus
1183 3285 1322 3370 sumpsit
1344 3286 1497 3370 gloriam,
1524 3285 1586 3352 etsi
1607 3292 1734 3370 tempus
1757 3307 1820 3352 non
1844 3286 1952 3351 intulit

321 3407 469 3473 poenam.
520 3391 581 3472 (31)
603 3388 670 3454 Sed
685 3390 770 3456 buno
784 3389 891 3474 ipsum
906 3389 1015 3456 divino
1030 3397 1109 3455 nutu
1126 3396 1287 3456 serratum
1303 3390 1458 3456 testificor
1472 3409 1529 3474 pro
1544 3389 1739 3456 correctione
1754 3396 1948 3455 cunctorum.

320 3491 404 3556 Nam
433 3511 517 3576 pene
546 3496 646 3558 totum
673 3493 826 3558 mundum
849 3492 941 3576 gravi
964 3513 1068 3559 errore
1091 3492 1257 3559 confusum
1280 3492 1375 3559 factis
1398 3493 1530 3578 saepius
1552 3493 1585 3558 in
1608 3492 1718 3558 Gallia
1739 3493 1871 3576 synodis
1894 3513 1952 3578 per

320 3593 481 3660 Hilarium
496 3594 598 3661 fuisse
612 3595 656 3661 ad
672 3595 759 3662 viam
774 3596 920 3662 verimtis
936 3595 1110 3662 adductum
1126 3596 1293 3663 confitetur
1307 3597 1419 3680 lingua
1433 3597 1615 3661 multorum.
1661 3598 1722 3680 (32)
1743 3596 1830 3674 Quid
1843 3603 1951 3662 autem
1971 3620 2002 3660 au

315 3696 384 3764 -sibi
413 3697 563 3782 interest,
598 3685 660 3765 vel'
678 3720 735 3784 pro
764 3699 830 3765 vita
856 3707 988 3767 aeterna
1010 3699 1130 3767 factum
1153 3700 1254 3767 fuisse
1277 3706 1468 3785 martyrem,
1502 3701 1555 3766 vel
1578 3699 1719 3784 amplius
1741 3700 1878 3783 vixisse,
1910 3721 1951 3766 ne

322 3900 734 3909 -ι--------

408 4029 490 4080 3-21
511 4030 605 4091 Salpia.
626 4030 683 4080 See.
707 4031 795 4081 Obrue.
819 4031 855 4091 11,
876 4033 918 4094 42,
940 4034 990 4090 §a
1009 4031 1034 4079 fs
1053 4032 1097 4080 ubi
1111 4030 1250 4080 Seleuciam
1271 4032 1349 4094 veuit,
1370 4043 1533 4093 magnacum
1552 4032 1635 4079 favore
1653 4038 1775 4093 exceptus
1793 4033 1904 4080 omnium
1922 4032 1951 4080 in

322 4130 349 4166 se
371 4119 467 4167 culmos
491 4121 518 4166 et
541 4117 626 4165 studia
650 4123 815 4166 converterat.
855 4119 889 4178 (5)
910 4119 950 4179 egi
969 4118 1061 4167 deiude
1078 4126 1209 4181 coeptum,
1236 4120 1380 4180 repertique
1397 4131 1489 4179 pravae
1506 4117 1617 4166 haeresis
1635 4122 1748 4165 auctores
1767 4124 1842 4179 atque
1861 4120 1891 4165 ab
1909 4133 1950 4166 ec·

322 4203 411 4252 clasiae
429 4217 528 4265 corpure
546 4203 637 4253 avulsi.
679 4204 712 4266 (6)
732 4205 776 4252 sed
796 4205 908 4252 confecta
927 4205 1020 4263 synodo
1038 4205 1138 4253 decretu
1156 4205 1185 4253 ad
1201 4207 1375 4268 imperatorem
1391 4205 1489 4266 legatio,
1511 4218 1573 4265 qnae
1586 4208 1656 4264 gesta
1668 4205 1816 4254 insinuaret.
1856 4205 1908 4267 (ts,
1924 4204 1949 4266 3)

322 4290 408 4338 aderat
431 4291 468 4338 ibi
492 4295 546 4337 tum
565 4290 691 4350 Hilarius,
716 4291 863 4340 aSeleucia
887 4291 983 4349 legatus
1007 4296 1118 4340 secutus.
1160 4292 1210 4354 ((3,
1235 4291 1255 4350 1)
1278 4292 1375 4338 interea
1398 4290 1489 4350 legatis
1508 4291 1678 4338 Ariminensis
1697 4292 1848 4339 concilii-
1864 4318 1899 4326 -
1916 4317 1950 4357 ,-

323 4376 472 4437 conscriptis
495 4376 524 4423 ab
548 4377 667 4437 Improbis
691 4377 766 4425 fidem
789 4377 879 4438 tradit,
906 4379 989 4426 varbfs
1008 4378 1154 4426 fallentibus
1173 4379 1321 4426 Involutam.
1365 4377 1397 4439 (9)
1419 4378 1462 4425 scd
1480 4379 1589 4426 interius
1607 4379 1691 4426 aderat
1709 4379 1778 4426 fraus
1797 4384 1895 4439 parata,
1922 4383 1951 4425 ut

322 4468 391 4512 esset
414 4464 519 4522 slmilis,
548 4475 595 4510 non
622 4469 689 4511 esset
706 4464 828 4526 aequalis.
867 4465 921 4526 ((5,
944 4466 965 4524 1)
987 4466 1023 4512 ibi
1042 4471 1153 4527 repertos
1172 4464 1341 4514 SeleucieusIs
1360 4464 1449 4523 synodi
1467 4466 1561 4525 legatos
1580 4467 1606 4513 vi
1625 4465 1692 4524 regia
1710 4466 1877 4527 compellunt,
1905 4478 1950 4512 ex·

323 4550 405 4612 amplo
423 4548 623 4598 Occidentalium
646 4563 746 4611 pravam
763 4551 833 4597 iliam
852 4551 926 4599 fldem
945 4552 1065 4612 recipere.
1107 4552 1138 4614 (3)
1160 4551 1183 4598 is
1202 4552 1246 4598 ubi
1265 4557 1407 4599 extremum
1426 4551 1484 4598 ndei
1502 4553 1643 4613 periculum
1662 4552 1853 4611 animadvertit,
1880 4551 1950 4600 Oroi-

324 4637 466 4686 dentslibus
485 4635 598 4699 deceptis
616 4634 756 4683 Orientales
774 4650 819 4697 per
837 4637 920 4684 scelus
938 4638 1020 4697 vinci,
1046 4637 1128 4684 tribus
1146 4637 1240 4684 libellis
1259 4638 1359 4698 publice
1378 4638 1443 4685 datis
1462 4637 1617 4686 audientiam
1635 4639 1701 4699 regis
1718 4639 1845 4700 poposcit,
1873 4643 1901 4684 ut
1920 4637 1951 4684 de

271 4749 278 4758 ·
323 4721 372 4771 dds
395 4737 476 4771 coram
494 4723 640 4770 adversariis
659 4722 817 4783 disceptaret.
857 4722 892 4784 (4)
912 4723 938 4770 id
957 4737 1014 4770 vero
1033 4723 1133 4771 lirrisni
1152 4724 1259 4771 maximo
1278 4737 1352 4787 opere
1371 4726 1494 4787 abnuere,
1523 4731 1646 4785 postremo
1664 4727 1735 4787 qussi
1755 4725 1892 4773 discordiae
1911 4737 1951 4771 se·

323 4811 458 4857 minarinm
477 4815 503 4857 et
520 4810 678 4871 perturbator
694 4808 806 4857 Orientis
824 4808 906 4856 redire
923 4808 954 4856 ad
974 4809 1070 4858 Gallias
1089 4811 1198 4870 iubetur,
1220 4812 1314 4872 absque
1333 4812 1405 4859 exiiii
1424 4811 1593 4871 indulgentis.

410 4893 452 4945 29.
472 4894 505 4944 30
524 4895 619 4956 sulpic.
640 4893 698 4944 Sec.
721 4894 811 4944 Circa.
833 4896 868 4958 11,
889 4897 930 4956 45,
952 4898 1002 4953 §7
1022 4896 1086 4945 iliud
1104 4897 1172 4957 apud
1190 4910 1276 4946 omnes
1294 4898 1408 4946 constitit
1426 4898 1501 4946 unius
1515 4899 1595 4946 liilari
1615 4899 1734 4946 beneficio
1747 4896 1839 4944 Gallias
1853 4901 1951 4944 nostras

322 4982 421 5046 piaculo
438 4982 548 5031 haeresis
565 4983 692 5032 liberatas.
724 4996 781 5030 nam
801 4996 822 5031 c.
837 4998 860 5044 q.
874 4997 896 5032 r.
935 4981 968 5045 (3(
991 4984 1168 5045 frequentibus
1186 4985 1252 5032 intra
1271 4982 1362 5031 Gallias
1380 4985 1502 5046 conciliis,
1524 4991 1599 5046 atque
1618 4985 1733 5032 omnibus
1752 4986 1805 5032 fere
1824 4984 1950 5044 episcopis

323 5071 354 5118 de
372 5082 453 5118 errore
470 5071 653 5131 profitentibus,
675 5070 741 5132 apud
760 5069 904 5117 Ariminum
923 5077 993 5130 gesta
1011 5071 1160 5119 condemnat
1177 5075 1203 5118 et
1221 5072 1248 5118 ln
1267 5075 1360 5120 statum
1378 5072 1514 5133 pristinum
1533 5072 1693 5120 scelestarum
1712 5071 1786 5118 fldem
1803 5070 1929 5118 reformat.

326 5250 352 5259 ι-
362 5251 668 5259 -.-.-....-—-.——---
682 5252 704 5257 ..
717 5251 736 5258 .-

410 5381 536 5444 'lecrlpto
558 5379 585 5445 V,
611 5383 639 5429 fn
664 5382 756 5443 scripto
779 5381 887 5430 conditis
904 5394 952 5430 om.
974 5382 997 5428 A
1137 5380 1168 5430 10
1187 5376 1328 5447 mentione]
1345 5381 1432 5441 codd„
1463 5381 1613 5429 mentitious
1631 5379 1742 5428 Maurius·
1761 5380 1951 5429 emerduveruut

326 5467 357 5517 12
376 5469 471 5517 athlete
489 5469 575 5517 christi
593 5469 682 5517 beatus
698 5465 740 5515 va
846 5466 877 5516 14
896 5464 932 5533 et]
950 5483 997 5517 om.
1018 5468 1060 5516 VA
1164 5469 1283 5516 infecerit
1300 5468 1327 5531 V,
1347 5468 1482 5516 inicerent
1500 5468 1523 5515 A
1627 5465 1660 5515 20
1679 5472 1778 5515 tantum
1798 5469 1824 5514 in
1843 5467 1952 5526 maligna

323 5551 406 5621 perte]
424 5560 474 5603 tsm
493 5555 601 5616 maligna
618 5556 695 5615 ligare
713 5558 766 5603 arte
785 5554 812 5615 V,
832 5558 882 5602 um
901 5553 1056 5613 malignare
1074 5554 1233 5616 imparted,
1253 5560 1305 5602 tam
1324 5553 1432 5614 maligna
1449 5569 1476 5604 re
1493 5568 1538 5617 per
1556 5558 1635 5602 artem
1652 5553 1720 5601 Colb.
1826 5552 1859 5602 23
1879 5549 1951 5619 iiiuc]

323 5638 356 5703 θ,
375 5640 410 5701 es.
429 5646 524 5703 purtem
541 5642 564 5703 l,
583 5656 610 5702 p.
625 5643 675 5689 ⁴03
779 5638 813 5689 24
832 5641 955 5689 inimicas
977 5639 1019 5703 0¹,
1039 5641 1149 5689 inimicis
1171 5641 1192 5689 V
1293 5638 1325 5689 28
1345 5642 1500 5703 correptione
1521 5640 1564 5688 VA
1668 5637 1699 5687 31
1720 5635 1783 5704 sibi]
1801 5653 1848 5688 om.
1870 5638 1911 5685 VA

325 5728 418 5790 reliqui
436 5742 469 5776 ne
492 5728 534 5775 VA
