4374 6186
901 390 1120 453 FORTVNATI
1138 391 1337 448 CARhlllthl

644 583 704 649 rite
726 602 822 666 super
843 602 937 664 reges
960 583 1174 648 dominantem
1199 581 1344 646 vindicat
1363 600 1469 646 arcem

730 685 863 751 caelesti
885 686 955 769 regi
976 685 1031 768 qui
1053 684 1240 749 famulando
1263 686 1380 768 placet.

563 809 592 850 ιε,
644 809 741 872 quam
763 789 876 854 merito
898 790 1019 853 Romae
1041 789 1247 870 Romanoque
1269 787 1407 871 imperat
1429 787 1497 851 orbi

729 891 785 974 qui
806 890 950 974 sequitur
971 891 1056 973 quod
1079 890 1125 954 ait
1147 888 1264 973 dogma
1286 891 1441 956 cathedra
1463 890 1566 968 Petri,

643 994 728 1076 quod
752 994 866 1060 cecinit
887 994 1007 1058 Paulus
1030 993 1168 1077 passim,
1194 994 1272 1058 tuha
1293 993 1423 1057 milibus
1447 1013 1528 1074 una,
1596 1002 1597 1005 ’

729 1098 879 1181 gentihus
902 1103 934 1162 et
956 1096 1094 1180 stupidis
1116 1096 1201 1161 fudit
1222 1096 1264 1160 ah
1287 1116 1340 1160 ore
1364 1096 1482 1174 salem,
1653 1088 1658 1098 ’

644 1200 734 1266 cuius
756 1200 944 1284 quadratum
969 1199 1099 1282 linguae
1123 1206 1190 1264 rota
1213 1198 1325 1264 circuit
1346 1218 1439 1262 axem

560 1322 590 1362 ru
729 1303 910 1386 eloquiique
933 1302 997 1368 lide
1021 1301 1141 1385 frigida
1163 1303 1259 1369 corda
1280 1303 1397 1367 calent.

643 1407 746 1490 gloria
768 1406 989 1484 summatim,
1016 1425 1122 1470 rerum
1145 1412 1231 1470 sator
1252 1412 1348 1488 aulae
1372 1403 1570 1487 redemptor,

729 1509 785 1593 qui
808 1509 867 1575 das
889 1509 1046 1574 lustinum
1067 1508 1171 1572 iustus
1193 1508 1227 1574 in
1248 1509 1323 1574 orbe
1346 1515 1453 1592 caput.

644 1611 800 1677 ecelesiae
823 1611 952 1676 turbata
974 1609 1055 1675 tides
1079 1610 1217 1675 solidata
1239 1610 1380 1693 refulget

729 1721 762 1780 et
782 1713 867 1780 redit
889 1712 931 1778 ad
952 1713 1091 1799 priscum
1114 1713 1167 1777 lex
1190 1713 1377 1778 veneranda
1399 1714 1514 1777 locum.

560 1836 590 1878 aa
644 1816 768 1883 reddite
791 1823 865 1881 vota
887 1816 965 1894 deo,
991 1815 1141 1898 quoniam
1165 1836 1248 1881 nova
1269 1836 1410 1900 purpura
1432 1813 1587 1899 quidquid

730 1920 898 1985 concilium
921 1919 1032 1985 statuit
1053 1919 1316 1984 Calchedonense
1339 1925 1436 1984 tenet.

645 2024 703 2089 hoc
725 2023 863 2102 meritis,
889 2023 1051 2106 Anguste,
1078 2022 1141 2087 tuis
1164 2030 1196 2087 et
1218 2023 1327 2087 Gallia
1349 2029 1473 2105 cantat,

729 2127 789 2192 hoc
812 2126 1004 2202 Rhodanus,
1031 2126 1178 2206 Rhenus,
1205 2126 1315 2192 Hister
1337 2134 1369 2191 et
1391 2126 1483 2195 Albis
1506 2127 1583 2210 agit.

644 2250 705 2296 axe
728 2231 787 2295 suh
811 2228 943 2295 occiduo
966 2228 1090 2294 audivit
1112 2229 1253 2294 Gallicis
1275 2229 1413 2311 factum,

561 2352 591 2392 uo
730 2334 876 2399 Vascone
899 2332 1004 2398 vicino
1027 2332 1190 2398 Cantaber
1211 2332 1275 2398 ista
1296 2333 1402 2399 refert.

644 2434 742 2501 currit
763 2436 805 2501 ad
828 2444 988 2501 extremas
1010 2434 1086 2500 tidei
1109 2436 1164 2519 pia
1186 2435 1296 2500 fabula
1318 2443 1432 2519 gentes

730 2545 762 2605 et
783 2546 872 2604 trans
894 2538 1056 2604 Oceanum
1079 2546 1166 2603 terra
1187 2538 1342 2604 Britanna
1364 2539 1463 2603 favet.

643 2644 843 2724 quambene
866 2662 937 2708 cum
962 2641 1088 2707 domino
1112 2629 1220 2707 curam
1243 2642 1372 2727 partiris
1395 2646 1534 2707 amator!

729 2744 786 2811 illc
809 2752 881 2810 tuas
903 2763 1036 2825 causas,
1063 2752 1097 2810 tu
1120 2744 1203 2810 iacis
1225 2765 1299 2810 ecce
1323 2763 1410 2810 suas.

560 2866 590 2906 as
644 2846 700 2912 dat
721 2847 780 2913 tihi
803 2848 949 2914 Christus
971 2868 1082 2932 opem,
1109 2856 1142 2914 tu
1166 2848 1292 2914 Christo
1315 2848 1413 2914 solvis
1437 2849 1603 2914 honorem:

729 2950 785 3016 ille
808 2950 898 3016 dedit
919 2951 1064 3033 culmen,
1091 2951 1201 3016 reddis
1224 2950 1347 3035 etipse
1370 2950 1477 3015 fidem.

643 3052 689 3117 nil
711 3052 773 3120 fuit
793 3053 826 3118 in
848 3053 940 3119 tern's
963 3053 1047 3137 quod
1070 3055 1143 3139 plus
1166 3053 1258 3120 daret
1279 3054 1335 3119 ille
1358 3052 1552 3136 regendum,

729 3177 789 3222 nee
810 3156 896 3239 quod
918 3157 992 3242 plus
1014 3156 1132 3223 reddas
1154 3179 1251 3242 quam
1274 3158 1361 3222 valet
1382 3157 1470 3222 alma
1492 3154 1584 3221 fides.

644 3258 740 3326 csilio
762 3259 857 3344 positi
879 3266 987 3345 patres
1010 3281 1066 3345 pro
1089 3260 1215 3326 nomine
1239 3260 1358 3326 Christi

560 3380 590 3422 ⁴0
728 3370 804 3428 tunc
826 3362 950 3429 rediere
973 3362 1052 3439 sihi,
1078 3383 1149 3428 cum
1173 3363 1323 3428 diadema
1344 3363 1414 3428 tihi.

643 3485 770 3531 carcere
793 3466 910 3546 laxati,
936 3464 1214 3532 residentessede
1237 3465 1341 3550 priore

729 3589 802 3635 esse
824 3569 931 3635 ierunt
952 3590 1049 3634 unum
1071 3577 1103 3635 te
1126 3571 1278 3652 generale
1300 3570 1428 3634 honum.

643 3680 688 3738 tot
710 3674 926 3738 confessorum
949 3692 1086 3751 sanans,
1112 3673 1275 3754 Anguste,
1302 3672 1428 3739 dolores

664 3771 667 3777 ’
728 3773 904 3839 innumeris
926 3775 1054 3858 populis
1077 3795 1142 3839 una
1164 3774 1304 3840 medella
1326 3775 1427 3840 venis.

559 3896 590 3936 ss
643 3877 752 3942 Thrax
774 3877 876 3941 Italus
898 3875 1019 3960 Scytha
1041 3877 1150 3960 Phryx
1172 3878 1263 3942 Daca
1284 3878 1439 3941 Dalmata
1461 3877 1639 3943 Thessalus
1661 3877 1739 3942 Afer

730 3980 815 4062 quod
838 3979 974 4063 patriam
996 3981 1113 4045 meruit
1133 4001 1218 4045 nunc
1241 3981 1298 4045 tihi
1322 3987 1397 4045 vota
1420 3980 1507 4045 facit.

644 4083 724 4148 haec
745 4090 801 4148 tua
823 4082 912 4163 laus,
940 4082 1107 4168 princeps,
1134 4104 1205 4148 oum
1229 4084 1296 4149 sole
1320 4083 1460 4149 cucurrit
1481 4083 1515 4147 in
1537 4083 1630 4148 othe:

730 4206 791 4268 quo
814 4205 916 4270 genus
939 4193 989 4251 est
1010 4186 1171 4251 hominum
1194 4186 1257 4250 huc
1277 4193 1353 4252 tuus
1376 4186 1473 4252 intrat
1495 4187 1606 4250 honor.

642 4290 746 4374 gloria
768 4309 893 4353 summa
915 4288 990 4370 tibi,
1017 4309 1121 4354 rerum
1146 4296 1232 4353 sator
1254 4297 1351 4372 atque
1375 4289 1573 4374 redemptor,

561 4411 591 4450 ³0
730 4393 784 4475 qui
807 4392 866 4458 das
889 4391 1046 4458 Iustinum
1068 4392 1172 4457 iustus
1194 4391 1227 4456 in
1250 4393 1326 4457 orbe
1349 4399 1454 4476 caput.
1480 4430 1522 4438 -

644 4496 705 4562 Cui
727 4495 850 4562 meritis
873 4516 1003 4580 compar
1025 4495 1148 4561 nuhens
1172 4493 1321 4560 felicibus
1343 4495 1436 4560 annis

730 4598 850 4664 ohtinet
872 4605 1042 4681 augustum
1067 4599 1153 4663 celsa
1175 4598 1297 4681 Sophia
1318 4598 1465 4682 gradum.

645 4723 728 4785 quae
751 4703 822 4768 loca
844 4710 956 4767 saneta
977 4702 1031 4786 pio
1053 4701 1116 4766 lixo
1139 4700 1232 4780 colit,
1259 4709 1352 4767 ornat
1373 4722 1481 4766 amore

732 4805 863 4872 etfacit
885 4805 1039 4870 hocvoto
1062 4823 1097 4868 se
1120 4804 1268 4889 propiare
1291 4805 1376 4889 polo.

410 5026 422 5032 -
439 5024 662 5032 —--——-.-..-.

385 5168 414 5219 13
433 5183 491 5232 rege
510 5169 534 5216 Σ
632 5168 661 5218 11
680 5168 787 5217 caeleste
807 5167 841 5215 2¹
941 5166 970 5216 15
989 5171 1082 5216 mereto
1102 5167 1137 5215 2¹
1234 5165 1263 5214 ll
1283 5168 1395 5216 millibus
1415 5167 1458 5218 Bc.
1556 5167 1586 5216 ts
1604 5168 1708 5228 gentilis
1727 5167 1752 5214 Σ
1838 5168 1868 5216 21
1889 5169 1934 5216 ad·

312 5269 361 5318 que
375 5254 410 5305 2¹
514 5255 546 5304 21
566 5256 635 5303 redet
649 5254 682 5302 2¹
787 5253 819 5302 25
838 5267 945 5314 purpura
958 5251 991 5300 2¹
1096 5255 1215 5317 quicquid
1237 5251 1272 5302 2¹
1281 5254 1325 5303 Bc.
1432 5252 1465 5302 26
1484 5266 1540 5303 cum
1556 5253 1637 5302 hlium
1650 5252 1695 5315 2¹,
1714 5254 1849 5302 scrinillum
1863 5250 1899 5300 2¹

313 5339 405 5409 esich]
425 5341 602 5392 calcedonense
622 5341 646 5389 2
656 5341 691 5388 Bc
810 5339 843 5389 28
862 5340 969 5387 rodanus
988 5338 1013 5387 2
1115 5343 1177 5389 ister
1195 5341 1238 5390 nr.
1345 5341 1378 5390 30
1396 5343 1470 5388 intare
1488 5342 1564 5389 refert
1582 5339 1607 5387 Σ
1709 5338 1742 5387 32
1760 5340 1858 5386 britann
1876 5338 1900 5386 2

312 5429 378 5478 fault
397 5428 431 5476 2¹
536 5427 567 5476 31
588 5423 735 5492 regendum]
754 5427 856 5486 regendi
875 5425 950 5475 2Br.
1063 5425 1095 5474 to
1114 5427 1231 5474 deadems
1251 5425 1286 5474 2¹
1395 5425 1424 5474 11
1446 5427 1591 5474 resedeutcs
1611 5424 1644 5473 2¹
1748 5421 1841 5490 priore]
1859 5425 1935 5486 priori

314 5515 392 5564 2Br.
492 5513 525 5562 11
544 5514 639 5562 medela
652 5509 741 5562 2¹Br.
841 5510 874 5560 15
892 5511 986 5559 trsx2
1083 5508 1180 5577 scytha]
1197 5512 1283 5570 sehytu
1296 5512 1351 5572 aa,
1371 5512 1451 5560 scitha
1465 5511 1489 5559 2
1586 5511 1661 5573 phrix
1674 5509 1698 5558 2
1790 5512 1852 5571 daga
1865 5509 1900 5558 2¹

312 5603 421 5651 tessslus
440 5599 465 5649 Σ
602 5599 635 5649 16
660 5607 718 5646 uota
737 5595 795 5664 aa]
820 5599 911 5646 meruit
930 5597 954 5645 2
1092 5597 1124 5646 11
1147 5599 1231 5645 orbem
1250 5599 1293 5647 Br.
1434 5598 1467 5647 19
1486 5599 1578 5646 summi
1597 5597 1631 5645 2¹
1769 5597 1893 5645 redemtor
1911 5597 1936 5645 2

313 5688 343 5739 51
364 5690 445 5738 littero
458 5688 551 5737 initiali
563 5688 666 5745 insignis
680 5684 704 5732 Σ
719 5683 763 5746 (cs.
777 5684 900 5733 Trithemli
912 5685 961 5743 111.)
1068 5685 1100 5733 53
1119 5685 1160 5747 pia
1173 5682 1206 5744 2,
1220 5685 1302 5730 animo
1316 5682 1495 5741 Mommsenus,·
1508 5682 1569 5743 fort.
1585 5686 1611 5731 tn
1622 5686 1672 5731 ltro
1683 5684 1864 5730 substcatlvum
1876 5684 1936 5732 tolet
