4374 6186
258 418 298 483 62
563 413 756 472 OPVSCVLA
778 413 970 469 VENANTIO
989 413 1217 471 FORTVNATO
1236 412 1339 470 MALE
1359 413 1582 470 ATTRIBVTA

257 607 424 692 excepisse
453 626 568 690 aspera
600 613 633 670 et
660 605 802 670 nescisse
833 604 1034 685 discrimina,
1067 605 1222 671 transisse
1250 606 1334 671 inter
1356 613 1544 690 praerupta,
1579 626 1674 689 quam
1698 607 1728 671 si
1751 627 1775 672 a
1799 627 1912 692 prae·

258 710 360 794 ruptis
383 717 469 775 esset
490 710 615 792 integre
638 707 807 773 custodita.

188 813 237 878 XI
350 814 412 896 (76)
438 811 589 878 Nondum
619 831 744 894 qnoque
773 811 944 877 multorum
971 831 1103 876 emensa
1125 820 1301 897 temporum
1325 813 1400 877 orbe
1423 812 1580 896 completo
1602 811 1767 879 redierant
1789 814 1910 880 curri-

257 917 347 992 cula,
387 937 458 982 cum
494 922 624 980 sauctus
659 915 853 992 Quintianus
887 915 1057 999 episcopus
1091 922 1167 980 ante
1201 923 1406 980 sacrosancta
1438 915 1556 980 altaria
1589 935 1739 1000 capacem
1774 917 1906 983 tumuli

258 1020 362 1085 locum
386 1019 504 1102 elegit,
531 1018 587 1083 ubi
609 1019 715 1102 ipsum
739 1017 818 1082 miro
841 1037 937 1102 opere
961 1026 993 1083 ct
1016 1018 1172 1083 laudabili
1194 1025 1261 1083 arte
1285 1019 1464 1101 collocavit,
1490 1038 1564 1084 narn
1587 1021 1676 1104 prius
1698 1020 1732 1085 in
1755 1021 1907 1087 basilica
1932 1043 1946 1082 a

257 1123 360 1189 sancti
390 1122 451 1186 viri
480 1130 616 1187 extensa
646 1121 851 1204 sepulchrum
874 1121 963 1186 velut
985 1121 1196 1205 praefulgens
1218 1122 1344 1207 lampas
1368 1122 1539 1206 splendore
1562 1123 1709 1207 propriae
1732 1124 1906 1190 claritatis

257 1233 381 1292 mentes
410 1225 646 1308 expectantium
673 1225 870 1290 illustrabat.
933 1228 996 1306 (77)
1030 1225 1098 1289 Hoc
1128 1225 1235 1306 itaque
1266 1232 1331 1290 tam
1362 1225 1530 1309 pulchrum
1562 1226 1686 1291 facinus
1715 1227 1905 1312 episcopus

256 1337 362 1395 mente
394 1328 554 1412 concepit,
589 1329 759 1394 devotione
790 1328 962 1413 spopondit
991 1335 1272 1411 consummatoque
1302 1349 1397 1412 opere
1426 1328 1510 1395 diem
1535 1349 1646 1394 sacrae
1668 1330 1904 1397 translationis

257 1432 430 1498 constituit.
477 1432 567 1496 Haec
593 1451 669 1513 ergo
693 1432 860 1497 celerrime
884 1430 970 1496 fama
995 1432 1176 1515 percrebuit
1198 1439 1230 1497 et
1251 1453 1314 1496 nou
1338 1433 1441 1497 solum
1465 1432 1602 1498 diffusae
1625 1433 1713 1498 urbis
1736 1434 1904 1501 conclusa

256 1535 389 1600 fimbriis
418 1535 491 1600 loca
514 1534 571 1600 sed
593 1533 741 1600 diversae
765 1535 862 1599 etiam
886 1535 982 1600 urbes
1005 1534 1209 1617 confinesque
1233 1535 1419 1619 provinciae
1441 1536 1493 1601 vel
1517 1536 1682 1621 pontifices
1705 1537 1748 1602 ad
1770 1537 1807 1602 id
1832 1539 1903 1603 mi-
1929 1559 1962 1599 ro

258 1659 329 1705 sere
349 1639 402 1705 vel
418 1639 565 1724 populos.
618 1641 677 1720 (78)
706 1638 813 1703 Fideli
828 1638 936 1720 itaque
952 1645 1044 1704 coetu
1060 1638 1187 1704 moenia
1201 1640 1409 1723 complentur,
1435 1640 1525 1705 venit
1539 1640 1636 1706 etiam
1651 1661 1669 1706 e
1684 1640 1902 1709 Narbonensi

257 1743 336 1808 urbe
360 1741 533 1807 Marturius
562 1741 665 1806 abbas
696 1741 826 1824 quidam
850 1742 1024 1807 laudabilis
1047 1749 1079 1807 et
1102 1742 1169 1807 vita
1192 1742 1393 1827 conspicuus.
1442 1743 1534 1806 Prius
1557 1749 1665 1808 tamen
1687 1743 1807 1809 artifex
1831 1746 1903 1811 eli·
1987 1728 1990 1733 ⁶

257 1846 360 1929 gitur,
393 1845 448 1929 qui
478 1845 600 1910 tumulo
629 1845 832 1911 circumiecta
857 1845 982 1911 demat:
1014 1845 1200 1929 quistatim
1225 1866 1336 1911 sacrae
1359 1846 1575 1911 venerationis
1597 1846 1700 1911 locum
1723 1846 1901 1930 ingressus

257 1948 373 2014 audaci
402 1953 488 2012 motu
519 1947 560 2012 de
590 1949 759 2032 sepulchro
789 1949 937 2032 opposita
966 1949 1103 2033 expulit,
1137 1948 1196 2013 sed
1224 1948 1298 2013 ilico
1326 1948 1523 2031 insurgentis
1553 1948 1705 2014 dexterae
1727 1949 1791 2015 ictu
1817 1971 1901 2035 per-

258 2070 372 2118 cussus
401 2050 557 2134 ingemuit
588 2050 755 2133 ultricique
785 2071 891 2135 paena
920 2052 1084 2117 temeritas
1114 2052 1268 2136 prolapsa
1295 2053 1473 2137 procubuit.
1525 2053 1585 2134 (79)
1614 2053 1745 2134 lamque
1776 2072 1900 2120 sacrae
1927 2075 1962 2115 rs

258 2154 477 2220 translationis
508 2154 615 2219 dicata
637 2154 708 2219 dies
730 2154 896 2233 illuxerat,
931 2175 1014 2236 quae
1037 2155 1154 2238 primos
1177 2155 1266 2219 urbis
1289 2157 1408 2221 Romae
1431 2154 1576 2220 doctores
1599 2156 1726 2220 Petrum
1750 2163 1782 2221 et
1803 2158 1900 2222 Pau·

258 2258 323 2322 lum
353 2258 416 2323 duo
444 2257 555 2322 muudi
586 2257 712 2323 scilicet
734 2258 874 2321 maxima
896 2258 1018 2322 lumina
1040 2257 1226 2341 triumphali
1250 2258 1407 2342 supplicio
1430 2258 1567 2323 victores
1590 2258 1678 2323 misit
1699 2258 1743 2323 ad
1765 2260 1894 2326 caelos.

258 2362 327 2427 Hae
359 2381 435 2444 ergo
466 2361 518 2426 die
541 2361 682 2425 omnium
705 2369 876 2445 expectata
898 2360 982 2426 votis
1006 2359 1188 2426 sacerdotes
1210 2361 1343 2441 adsunt,
1378 2361 1489 2446 populi
1511 2360 1690 2442 confluunt,
1724 2363 1828 2427 oratio
1853 2384 1900 2430 ex

257 2484 344 2530 more
376 2463 537 2543 iudicitur,
577 2464 669 2549 plebs
698 2463 766 2529 solo
789 2447 1012 2548 prosternitur,
1045 2465 1187 2529 tumulus
1210 2471 1435 2529 commovetur.
1489 2466 1548 2545 (80)
1576 2466 1649 2529 Mox
1672 2484 1748 2530 vero
1772 2485 1898 2551 repen-

257 2569 322 2633 tino
345 2568 499 2633 miraculo
522 2575 611 2633 tanta
634 2567 812 2649 fragrantia
831 2567 872 2631 cle
887 2568 1010 2632 tumulo
1025 2568 1222 2632 ineffabilem
1238 2567 1396 2632 exhalans
1412 2566 1605 2640 suavitatem
1621 2568 1749 2651 prodiit,
1775 2576 1898 2636 utnon
1923 2590 1958 2630 ao

258 2672 361 2737 solum
390 2678 538 2737 cunctum
567 2671 601 2735 in
630 2679 743 2736 sancta
771 2670 910 2735 ecclesia
934 2670 1088 2756 populum
1111 2691 1221 2736 verum
1245 2671 1342 2736 etiam
1366 2670 1460 2735 sitam
1481 2671 1515 2735 iu
1539 2670 1712 2756 porticibus
1734 2671 1899 2758 atriisque

257 2776 385 2861 plebem
409 2775 579 2840 dulcedine
602 2774 703 2839 nimia
725 2774 867 2858 repleret
889 2780 921 2838 et
943 2774 1032 2839 velut
1054 2773 1192 2855 quodam
1216 2774 1432 2839 retributionis
1455 2794 1586 2839 munere
1610 2774 1749 2859 spiritali
1772 2775 1897 2843 hausto

256 2878 413 2943 reficeret.
466 2880 527 2960 (81)
554 2878 682 2942 Interea
705 2877 858 2941 subiectis
882 2877 1029 2942 manibus
1052 2877 1105 2961 pia
1124 2876 1290 2943 devotione
1306 2877 1448 2942 fidelium
1465 2877 1622 2955 vehiculo,
1648 2877 1728 2943 felix
1743 2898 1825 2943 onus
1841 2879 1898 2944 in-

258 2981 366 3055 fertur,
394 2981 515 3044 tumulo
539 2999 654 3044 manus
673 2979 817 3044 blarturii
839 2980 966 3044 abbatis
990 2979 1216 3063 comprimitur.
1263 2980 1324 3045 Ille
1347 3001 1423 3045 vero
1446 3000 1550 3061 neque
1573 3000 1702 3044 manum
1725 2983 1897 3050 retrahere

258 3083 369 3148 nititur
390 3102 496 3164 neque
519 3082 791 3147 circumstantium
814 3102 906 3167 opem
923 3083 969 3147 uti
985 3083 1189 3166 sepulchrum
1206 3084 1350 3148 elevetur
1363 3083 1506 3166 inquirit.
1564 3085 1624 3165 (82)
1651 3083 1717 3150 Sed
1732 3085 1794 3169 piis
1808 3107 1897 3169 que·
1921 3103 1957 3147 aa

259 3188 360 3252 stibus
378 3185 534 3251 auxilium
549 3184 727 3249 beatissimi
743 3185 885 3250 Amantii
900 3186 1071 3270 implorare
1087 3207 1149 3251 non
1166 3186 1285 3252 desinit
1299 3187 1379 3252 haec
1394 3187 1507 3252 humili
1522 3206 1600 3252 voce
1616 3207 1893 3256 commemorans:

258 3290 344 3371 Noli,
371 3287 522 3354 sacerdos
546 3286 705 3370 quondam
727 3300 844 3370 noster,
872 3309 955 3354 nune
978 3290 1083 3354 socius
1106 3290 1305 3372 angelorum,
1332 3289 1398 3355 uoli
1417 3290 1597 3374 opprimere
1616 3311 1745 3355 manum
1761 3290 1889 3374 famuli,

258 3413 298 3457 ne
323 3412 449 3456 servum
473 3397 562 3456 tuum
586 3391 652 3456 ullo
675 3390 858 3457 afflictionis
880 3412 1026 3458 maerore
1051 3412 1242 3477 exasperes:
1269 3392 1437 3458 iucundior
1459 3392 1537 3457 mihi
1560 3393 1656 3458 melle
1675 3393 1822 3474 dulcedo,
1851 3416 1896 3461 ne

258 3496 347 3560 sinas
376 3494 500 3578 gaudia
529 3501 637 3560 nostra
666 3494 814 3560 tristitiae
844 3495 953 3560 nubilo
982 3495 1155 3577 maculari,
1189 3495 1343 3578 gaudium
1374 3503 1407 3562 et
1428 3496 1582 3561 exultatio
1606 3517 1693 3577 mea,
1728 3517 1823 3578 quem
1848 3499 1895 3564 ad

258 3599 491 3665 solemnitatem
522 3606 611 3664 tuam
641 3598 820 3683 perduxisti
849 3599 1022 3683 hospitem
1063 3599 1199 3664 cellulae
1228 3599 1326 3665 reduc
1356 3619 1434 3664 suae
1463 3598 1670 3664 incolumem!
1730 3602 1790 3681 (83)
1827 3601 1894 3667 Vix
1920 3625 1955 3666 ao

258 3704 356 3770 verba
385 3701 532 3784 finiebat,
568 3722 640 3768 oum
670 3703 816 3767 elevatur
845 3701 948 3767 subito
980 3708 1094 3786 sponte
1122 3703 1262 3767 tumulus
1286 3710 1318 3767 et
1340 3703 1535 3768 abstrahitur
1557 3722 1671 3767 manus
1692 3701 1808 3767 illaesa
1831 3705 1895 3769 ab

259 3814 440 3890 structaque
465 3825 574 3871 rursus
597 3805 685 3870 oneri
708 3804 761 3890 pio
784 3804 947 3869 subicitur.

171 3914 236 3978 XII
349 3911 410 3993 (84)
438 3911 566 3974 Interea
595 3908 724 3974 obvium
754 3908 815 3972 sibi
846 3908 1007 3990 quendam
1033 3908 1215 3973 vehiculum
1239 3908 1364 3993 impulit
1386 3908 1624 3992 impulsumque
1647 3908 1818 3993 prostravit
1841 3917 1894 3975 at-

258 4033 320 4098 que
348 4013 521 4096 obliquatis
550 4011 642 4077 strati
673 4011 809 4097 pedibus
838 4010 1021 4076 discurrens
1049 4019 1119 4075 rota
1149 4011 1348 4094 pertransiit,
1382 4011 1440 4076 sed
1470 4011 1516 4076 ita
1546 4011 1703 4077 minacem
1732 4011 1890 4094 impetum

257 4118 346 4183 iussa
375 4115 557 4200 suspendit,
592 4122 627 4178 ut
655 4134 714 4180 nec
745 4134 875 4179 sensum
898 4114 1017 4179 doloris
1041 4121 1140 4179 strato
1164 4113 1324 4198 infligeret
1346 4133 1405 4178 uec
1429 4114 1522 4197 signa
1543 4114 1655 4179 livoris
1678 4114 1887 4198 imprimeret.
1917 4138 1953 4181 aa

259 4220 406 4286 Cucurrit
436 4239 512 4302 orgo
535 4225 621 4283 motu
645 4218 742 4282 celeri
765 4238 824 4282 uec
846 4218 992 4283 subiecta
1016 4218 1180 4295 contrivit,
1215 4218 1273 4283 sed
1295 4217 1473 4283 ministeria
1496 4217 1669 4301 complevit
1691 4215 1815 4282 itineris
1837 4237 1893 4283 re-

258 4324 407 4405 linquens
431 4321 525 4403 signa
547 4319 683 4385 virtutis.
742 4323 802 4402 (85)
830 4322 917 4386 Inter
939 4321 1021 4386 haec
1044 4342 1119 4386 vero
1142 4322 1368 4386 miraculorum
1390 4320 1547 4403 insignia,
1581 4321 1670 4385 nullo
1692 4320 1891 4403 impediente

259 4427 383 4506 labore,
420 4444 543 4489 summo
574 4432 757 4488 cunctorum
789 4424 908 4506 gaudio
938 4425 971 4489 iu
1002 4425 1070 4490 loco
1100 4424 1241 4490 studiose
1271 4432 1463 4510 praeparato
1493 4424 1649 4505 reliquiae
1680 4442 1790 4489 sacrae
1813 4441 1892 4488 con-

259 4530 387 4594 duntur.
452 4528 513 4608 (86)
541 4527 695 4591 Nonnulli
730 4537 838 4592 autem
873 4528 916 4592 ad
950 4529 1110 4593 tumulum
1144 4528 1245 4593 sancti
1279 4528 1339 4592 viri
1373 4547 1493 4593 vesano
1526 4546 1772 4612 praesumpsere
1806 4547 1890 4592 ausu

187 4642 193 4646 ’
259 4633 365 4698 scelus
395 4630 493 4716 priori
522 4630 643 4695 scelere
674 4630 855 4711 cumulare,
892 4631 950 4696 sed
979 4631 1116 4715 correpti
1145 4631 1289 4715 protinus
1319 4630 1424 4696 furore
1451 4630 1638 4715 limphatico
1662 4631 1788 4694 solvere
1811 4648 1891 4715 sup-
1914 4654 1951 4696 ro

184 4802 187 4807 ,
259 4735 357 4819 plicia
386 4733 563 4814 afflictique
586 4732 730 4798 horribili
754 4733 883 4800 fremitu
906 4741 938 4798 et
959 4736 1094 4800 occultis
1117 4734 1221 4800 exusti
1244 4734 1381 4799 flammis
1405 4734 1615 4819 prodiderunt
1636 4733 1744 4811 nefas,
1779 4733 1892 4799 reddi-

258 4836 375 4903 derunt
409 4837 537 4901 sublata
570 4837 782 4921 prostratique
812 4839 882 4902 solo
912 4839 1039 4903 veniam
1070 4838 1190 4923 petiere
1221 4838 1396 4903 facinorum
1427 4857 1466 4903 ac
1494 4838 1563 4903 sine
1593 4858 1682 4902 mora
1710 4836 1891 4902 beatissimi

259 4940 374 5005 virtute
404 4939 556 5005 antistitis
585 4940 731 5005 obscenis
764 4940 920 5024 contagiis
948 4961 1093 5007 meruere
1123 4942 1263 5025 purgari.
1311 4942 1362 5008 Ita
1387 4942 1445 5007 hos
1475 4949 1507 5006 et
1537 4941 1615 5006 ultio
1645 4941 1731 5005 iusta
1754 4940 1893 5023 perculit

258 5052 291 5111 et
313 5043 475 5110 miseratio
498 5044 626 5129 pietatis
650 5043 800 5110 absolvit.
1448 5034 1454 5043 ’

263 5169 539 5178 ——..—-..--——-
554 5170 674 5175 .--..—...

345 5220 360 5268 4
380 5220 451 5279 Grec.
472 5219 502 5266 de
519 5222 570 5266 citu
585 5224 686 5278 patrum
704 5235 725 5267 c.
748 5220 791 5280 Ν,
814 5224 844 5267 l:
870 5221 897 5268 in
919 5233 967 5281 qno
992 5221 1137 5282 episcopatu
1161 5221 1289 5282 ampliatis
1311 5219 1390 5267 adhuc
1416 5220 1567 5278 virtutibus,
1594 5233 1651 5267 cum
1675 5220 1702 5266 in
1727 5219 1769 5267 dei
1792 5230 1892 5280 semper

258 5309 376 5370 operibus
394 5311 533 5365 cresceret,
554 5311 650 5353 anctum
669 5305 735 5352 beati
755 5306 857 5353 Amauti
876 5307 1004 5353 antestitis
1024 5306 1151 5354 basilicam
1172 5314 1285 5355 sanctum
1304 5319 1393 5368 corpus
1411 5306 1437 5352 ln
1457 5311 1530 5354 antea
1547 5306 1687 5372 transtulit,
1709 5305 1752 5355 sed
1772 5317 1822 5351 uorr
1840 5304 1891 5352 fult

259 5401 343 5443 sancto
361 5393 512 5455 acceptabile
531 5392 576 5440 boc
595 5406 667 5455 opus.

261 5500 397 5507 —-.-—-———

345 5549 361 5596 9
380 5548 507 5596 celerrima
526 5545 547 5592 L
670 5549 813 5608 percrepuit
833 5546 860 5594 Μ
986 5545 1012 5595 ll
1035 5548 1093 5596 fidei
1112 5550 1196 5610 ltaque
1214 5548 1390 5597 conuenientia
1408 5547 1528 5608 completa
1549 5545 1570 5593 L
1699 5544 1729 5594 lu
1748 5550 1846 5607 petrum
1866 5553 1891 5594 et

259 5632 372 5701 paulum]
391 5634 442 5683 dies
461 5635 493 5680 99
512 5633 581 5680 luuir'
687 5629 718 5679 22
739 5635 840 5694 speciali
858 5636 959 5684 haustro
978 5633 1000 5680 L
1106 5633 1138 5683 23
1158 5637 1198 5696 pia
1216 5630 1361 5701 deuotione]
1383 5633 1468 5682 omi
1582 5632 1615 5682 40
1634 5633 1716 5681 furore
1734 5628 1891 5696 limphatico]

259 5719 292 5778 rs.
313 5736 389 5781 aupru
407 5737 432 5781 p.
453 5721 495 5779 58,
517 5719 535 5767 l.
559 5723 585 5766 ll
1724 5716 1726 5720 ’
