4374 6186
251 373 292 434 80
407 452 416 465 ἱ
554 367 752 425 OPVSCVLA
771 368 964 425 VENANTIO
983 368 1213 426 rossrva'rtro
1232 369 1336 425 IIALE
1354 369 1577 425 AI'I'RIBI'TA

250 578 419 624 emorousa
448 579 468 623 a
497 558 624 624 domino
654 565 778 624 constat
808 566 986 644 patratum,
1021 560 1098 644 qnia
1126 560 1209 626 sicut
1230 561 1288 626 illa
1310 580 1352 625 ex
1373 567 1461 626 tactu
1483 560 1627 628 fimbriae
1650 570 1777 628 sanata
1804 571 1862 628 est
1886 583 1908 626 a

249 660 404 745 profluvio
427 662 605 745 sanguinis,
630 662 676 727 ita
698 669 731 726 et
752 662 816 726 ista
838 682 879 727 ex
901 670 988 728 tactu
1010 662 1057 726 fili
1079 670 1190 747 erepta
1212 670 1263 730 est
1284 684 1304 728 a
1327 663 1497 729 vexatione
1520 664 1699 730 daemonis.
1742 666 1816 730 Illa
1837 687 1909 731 an-

249 772 314 830 tem
344 764 482 830 liberata
510 771 576 831 tam
605 786 625 829 a
655 764 781 847 laqueis
807 765 928 831 inimici
958 784 1052 848 quam
1082 787 1104 830 a
1133 765 1216 831 curis
1239 766 1361 832 saeculi
1383 765 1513 832 devovit
1534 787 1569 833 se
1592 769 1745 835 omnibns
1773 768 1908 836 diebus

249 868 437 933 servituram
462 867 600 948 domino,
627 867 796 933 coniuncta
819 868 918 932 sorori
940 868 973 932 in
997 868 1109 933 eodem
1133 868 1298 934 coenobio.

144 973 224 1037 XXI
339 973 397 1053 (69,
427 971 514 1035 Inter
536 969 661 1052 reliqua
684 970 834 1036 virtutum
859 970 1014 1036 miracula
1037 971 1118 1036 illud
1140 972 1282 1037 inserere
1305 971 1474 1037 mirificum
1497 980 1547 1039 est
1568 972 1655 1056 quod
1676 973 1713 1038 in
1729 974 1907 1058 fugandis
1931 999 1945 1033 a

248 1074 486 1139 infirmitatibus
509 1080 634 1138 constat
656 1074 910 1138 celeberrimum.
955 1074 1038 1138 Nam
1062 1074 1090 1139 si
1115 1075 1186 1157 quis
1210 1080 1287 1158 typo
1310 1074 1503 1154 cotidianae,
1529 1075 1686 1142 tertianae
1710 1077 1765 1141 vel
1794 1099 1908 1161 qnar-

248 1184 343 1243 tauae
374 1176 473 1242 febris
503 1183 667 1260 correptus
691 1176 731 1241 de
755 1176 885 1260 palliolo
909 1176 1011 1242 sancti
1035 1177 1095 1241 viri
1118 1176 1235 1242 fnisset
1255 1177 1472 1261 praecinctus,
1507 1178 1641 1262 pristina
1661 1179 1907 1248 incolumitate

248 1288 377 1365 recepta
407 1278 449 1344 ad
478 1279 651 1362 hospitium
683 1280 903 1344 revertebatur
933 1299 1042 1344 sanus.
1091 1280 1133 1344 Et
1153 1280 1199 1344 ita
1222 1279 1332 1344 ‹livina
1354 1281 1459 1362 gratia
1481 1281 1570 1346 salus
1592 1301 1749 1348 concessa
1775 1304 1905 1350 mana-

248 1383 304 1448 bat
326 1383 366 1448 de
389 1382 531 1465 tegmine
554 1380 723 1466 pontificis,
750 1389 869 1465 quanta
893 1383 1053 1464 quondam
1078 1382 1274 1468 profluxerat
1296 1383 1336 1448 de
1359 1384 1501 1466 tegmine
1523 1383 1749 1470 redemptoris.

128 1487 225 1554 XXII
339 1489 400 1569 (70)
427 1485 593 1550 Adiciatur
622 1485 655 1549 in
686 1486 806 1569 pagina
829 1486 915 1566 quod
938 1486 987 1550 vir
1009 1494 1138 1551 sanctus
1160 1487 1297 1551 obtinuit
1318 1487 1353 1550 in
1375 1488 1451 1551 vita.
1500 1486 1584 1552 Dum
1606 1487 1782 1553 cuiusdam
1809 1489 1904 1556 Car·
1928 1512 1961 1551 ro

247 1590 391 1655 notensis
422 1589 502 1654 civis
533 1587 645 1652 domus
676 1589 709 1652 in
736 1588 887 1653 suburbio
911 1589 1051 1655 civitatis
1075 1590 1180 1674 posita
1203 1589 1392 1655 daemonica
1413 1590 1618 1656 infestatione
1641 1592 1779 1677 saepius
1806 1594 1906 1678 lapi-

248 1693 325 1758 dum
355 1692 458 1757 imbre
489 1698 687 1772 quateretur,
722 1691 767 1756 ita
790 1698 825 1756 ut
846 1692 942 1756 vicini
966 1700 1096 1777 propter
1118 1692 1310 1758 densitatem
1334 1693 1558 1776 crepitantium
1581 1700 1744 1777 petrarum
1769 1705 1903 1780 parata

248 1796 466 1877 relinquentes
489 1794 634 1859 convivia
658 1794 770 1858 domos
793 1814 869 1858 suas
893 1795 1092 1877 effugerent,
1123 1796 1259 1860 exortati
1283 1803 1357 1860 sunt
1379 1816 1399 1860 a
1422 1796 1474 1861 dei
1498 1796 1636 1878 famulo,
1663 1803 1698 1862 ut
1720 1818 1852 1881 aquam
1876 1821 1903 1866 a

249 1920 284 1965 se
306 1897 510 1965 benedictam
533 1916 605 1960 oum
629 1897 731 1961 crucis
755 1896 921 1979 signaculo
944 1896 1022 1961 illuc
1045 1898 1244 1981 porrigerent
1266 1898 1560 1982 conspergendam,
1594 1899 1648 1964 ubi
1670 1900 1901 1970 daemonicae

247 2000 408 2067 illusionis
437 2000 611 2065 maximum
641 1999 782 2064 instabat
810 1998 991 2064 ridiculum.
1047 2002 1107 2081 (71)
1136 2000 1206 2078 Quo
1236 1999 1320 2065 facto
1349 2001 1450 2065 hostis
1480 2002 1595 2086 effugit
1615 2001 1745 2067 territus
1768 2010 1808 2070 et
1834 2006 1901 2074 do-
1926 2028 1959 2067 aa

248 2105 354 2170 miuus
377 2102 469 2170 aedis
492 2123 564 2168 cum
588 2102 702 2168 eadem
726 2102 820 2167 domo
844 2121 976 2167 securus
999 2103 1118 2169 mansit
1140 2110 1173 2168 et
1191 2102 1383 2188 intrepidus.

114 2210 227 2276 XXIII
342 2208 402 2290 (72)
428 2205 515 2271 Illud
544 2205 641 2270 ctiam
672 2205 835 2289 peculiare
865 2205 1051 2270 miraculum
1082 2206 1174 2270 nobis
1204 2206 1318 2272 estad
1342 2207 1527 2273 memoriam
1550 2208 1788 2293 reducendum,
1827 2233 1900 2294 quo

248 2313 297 2378 vir
320 2318 449 2376 sanctus
473 2308 634 2372 Leobinus
657 2308 792 2372 illustris
816 2307 986 2392 episcopus
1009 2307 1136 2373 refulsit
1160 2309 1191 2373 in
1214 2309 1343 2394 populo.
1384 2309 1521 2387 Quidam
1546 2312 1658 2377 beatus
1680 2311 1730 2377 vir
1751 2315 1898 2382 nomine

248 2413 427 2481 Caletrieus
455 2411 571 2476 nobilis
600 2431 719 2494 genere
748 2409 807 2475 sed
835 2411 972 2476 nobilior
1002 2411 1124 2476 meritis
1153 2419 1226 2496 post
1256 2431 1424 2478 excessum
1452 2414 1539 2479 beati
1569 2415 1702 2480 Leobini
1733 2415 1898 2484 Oarnotis

247 2517 441 2584 constitutus
471 2514 642 2599 episcopus
665 2514 742 2578 dum
764 2513 796 2578 in
819 2513 1001 2598 presbiterii
1026 2514 1129 2596 gradu
1153 2533 1187 2580 se
1210 2521 1275 2579 tam
1298 2515 1332 2579 in
1356 2523 1527 2600 conspectu
1551 2516 1604 2583 dei
1627 2538 1723 2600 quam
1745 2518 1781 2582 in
1808 2541 1896 2588 ocu·
1920 2542 1954 2583 ao

247 2621 288 2686 lis
312 2619 474 2686 hominum
497 2625 609 2684 sancta
626 2616 874 2682 ‘conversatione
897 2616 1048 2682 redderet
1069 2624 1205 2700 gratnm,
1236 2624 1326 2683 tanta
1349 2617 1543 2686 infirmitatis
1564 2621 1717 2704 angustia
1739 2630 1793 2689 est
1817 2644 1896 2691 cor-

246 2729 372 2808 reptus,
412 2729 446 2787 ut
476 2721 531 2786 vix
563 2720 673 2786 ultimo
702 2720 876 2804 palpitaret
905 2720 1060 2785 anhelitu.
1126 2721 1185 2803 (73)
1214 2720 1314 2786 Cuius
1343 2722 1538 2787 venerabilis
1567 2743 1723 2806 germana
1752 2728 1896 2795 nomine

247 2825 465 2910 Mallegundis
495 2824 626 2889 directis
656 2823 809 2887 velociter
838 2822 945 2887 missis
975 2822 1017 2886 ad
1048 2829 1192 2887 sanctum
1216 2823 1420 2908 episcopum,
1454 2832 1489 2890 ut
1510 2825 1553 2890 ad
1576 2826 1748 2892 levandam
1771 2829 1894 2897 fratris

247 2931 297 2997 sui
323 2928 540 2994 infirmitatem
563 2924 769 2991 benedictum
794 2924 946 3007 dirigeret
968 2926 1084 2990 oleum.
1133 2927 1208 3010 lpse
1231 2947 1306 2992 vero
1330 2947 1401 2992 cum
1424 2928 1494 2993 oleo
1517 2930 1803 3013 praesentabiliter
1827 2954 1893 3000 ve-

246 3033 339 3098 niens
366 3030 528 3097 silentium
559 3029 600 3093 ab
632 3028 779 3092 omnibus
810 3028 985 3110 postulavit
1007 3028 1132 3094 dicens:
1168 3029 1305 3096 Domine
1328 3031 1382 3112 qui
1405 3031 1512 3096 omnia
1533 3034 1636 3115 nosti,
1668 3034 1697 3098 si
1719 3033 1808 3102 hunc
1833 3036 1892 3104 la—
1915 3058 1950 3098 aa

247 3137 368 3201 mulum
398 3141 488 3199 tuum
519 3131 675 3197 ccclesiae
706 3138 781 3196 tuae
811 3131 863 3196 vel
893 3132 1010 3216 populo
1041 3131 1166 3197 iudicas
1195 3134 1428 3213 necessarium,
1464 3142 1518 3198 toa
1547 3135 1723 3219 opitulante
1747 3136 1885 3222 virtute,

247 3237 378 3303 restitue
408 3255 533 3299 sanum.
585 3236 647 3315 (74)
674 3234 763 3298 Tunc
792 3234 848 3299 ille
877 3254 975 3316 aeger
1002 3235 1108 3300 statim
1139 3243 1174 3301 ut
1200 3255 1312 3301 sacrae
1345 3237 1502 3303 unctionis
1525 3239 1596 3305 oleo
1620 3246 1669 3304 est
1690 3249 1885 3327 perunctus,

247 3348 355 3406 tantae
386 3338 532 3405 sanitatis
558 3337 682 3420 gratiae
709 3345 757 3402 est
787 3338 952 3403 restitutus
976 3358 1015 3403 ac
1038 3340 1066 3403 si
1089 3339 1209 3404 nullius
1232 3339 1428 3405 iufirmitatis
1450 3341 1600 3407 molestia
1622 3362 1785 3426 nunquam
1811 3347 1888 3412 eius

247 3444 391 3509 membra
420 3440 556 3506 fuissent
585 3439 725 3505 adtacta.
779 3443 838 3520 (75)
866 3439 916 3504 Ad
943 3440 1210 3525 comprobandam
1233 3451 1342 3507 autem
1367 3443 1469 3508 sancti
1492 3444 1552 3509 viri
1575 3445 1724 3510 virtutem
1747 3447 1888 3515 residua

247 3547 310 3613 olei
339 3565 414 3631 pars
436 3545 469 3609 in
491 3551 611 3609 tantam
637 3551 762 3609 constat
783 3543 1032 3628 pulchritudinis
1056 3544 1235 3610 claritatem
1259 3565 1427 3625 conversa,
1462 3552 1498 3611 ut
1520 3547 1642 3614 cunctis
1664 3548 1720 3630 qui
1742 3548 1887 3618 aderant
1911 3573 1945 3613 ao

246 3671 310 3716 non
332 3650 396 3716 olei
418 3647 502 3714 nitor
524 3648 581 3713 sed
603 3647 760 3712 christalli
784 3647 947 3712 videretur
969 3649 1146 3713 clarescere
1170 3648 1336 3732 splendor,
1365 3648 1513 3714 nimirum
1537 3650 1619 3715 illud
1641 3650 1881 3735 praefigurans,

247 3761 282 3819 ut
310 3753 364 3837 qui
394 3752 520 3818 futurus
546 3757 616 3816 erat
637 3750 807 3834 episeopus
829 3769 887 3833 per
909 3749 1123 3815 minIsterium
1148 3749 1333 3834 episcopale
1356 3751 1462 3817 oleum
1485 3752 1734 3819 consecrationis
1757 3756 1886 3822 sancti-

246 3857 356 3924 ficaret
380 3864 412 3922 et
433 3854 551 3919 dlvinis
574 3852 744 3918 virtutibus
766 3873 823 3936 per
845 3853 1017 3917 caelestem
1042 3853 1184 3934 gratiam
1208 3852 1458 3936 splendesceret.

120 3961 228 4026 XXIV
341 3963 400 4044 (76)
429 3958 554 4042 Operae
584 3956 720 4041 pretium
751 3962 801 4020 est
831 3962 863 4020 et
884 3955 966 4020 illud
989 3955 1117 4038 insigne
1140 3955 1327 4020 miraculum
1351 3957 1425 4022 huic
1448 3957 1537 4041 operi
1558 3956 1699 4023 inserere
1720 3958 1808 4041 quod
1832 3963 1886 4028 vir

247 4072 377 4130 sanctus
406 4060 553 4146 quamvis
581 4059 729 4124 nesciens
758 4058 883 4143 peregit
905 4058 938 4122 iu
963 4078 1105 4141 corpore.
1154 4058 1300 4136 Quodam
1323 4069 1466 4143 tempore
1489 4060 1564 4125 dum
1589 4068 1783 4127 memoratus
1806 4065 1883 4149 epi·
1908 4091 1944 4129 aa

247 4188 362 4253 scopus
385 4163 605 4251 parroechiam
622 4161 785 4226 Dunensis
809 4161 886 4245 pagi
909 4181 980 4226 cum
1005 4162 1073 4226 suis
1097 4168 1245 4245 pergeret
1268 4162 1475 4242 visitandam,
1501 4162 1570 4226 filia
1592 4163 1687 4228 unica
1709 4164 1882 4233 cuiusdam

247 4292 287 4337 ex
316 4267 557 4354 parroechianis
587 4265 715 4330 nomine
738 4264 917 4330 Bandolevi
947 4284 1066 4348 genere
1097 4272 1128 4329 et
1157 4264 1273 4348 opibus
1303 4265 1449 4330 inlustris
1478 4265 1538 4329 viri
1563 4266 1609 4331 ita
1631 4266 1823 4333 vifebrium
1849 4280 1885 4338 et

247 4374 344 4457 longa
365 4369 568 4454 aegritudine
591 4354 760 4433 tenelrabrr
782 4366 947 4449 adstricta,
975 4367 1096 4433 utiam
1119 4367 1286 4451 sepultura
1308 4376 1553 4452 praepararetur
1576 4388 1645 4434 eum
1669 4372 1883 4452 exequiarum

247 4496 376 4562 pompa.
440 4474 500 4553 (77)
527 4473 586 4536 Hic
617 4471 752 4537 erudiens
782 4478 926 4536 sanctum
957 4470 1134 4536 Leobinum
1164 4491 1205 4536 ex
1236 4472 1379 4555 proximo
1409 4471 1591 4537 venientem
1621 4473 1743 4538 concito
1773 4477 1882 4558 gradu
1963 4467 1974 4477 ”

247 4581 317 4646 eius
345 4582 571 4664 praesentatur
601 4573 800 4658 conspectui,
834 4580 948 4658 petens
976 4575 1017 4638 ab
1047 4594 1085 4638 eo
1115 4594 1205 4638 suam
1228 4573 1376 4639 benedici
1400 4573 1529 4638 domum
1552 4581 1585 4639 et
1606 4581 1671 4640 tam
1695 4577 1755 4642 sibi
1779 4597 1881 4658 quam
1905 4604 1942 4645 ro

247 4684 314 4748 suis
338 4681 484 4746 omnibns
507 4678 654 4761 eulogias
677 4676 758 4741 dari.
811 4680 871 4759 (78)
899 4676 1037 4741 Sanctus
1060 4677 1168 4760 itaque
1184 4676 1346 4742 Leobinus
1369 4684 1492 4742 mature
1515 4697 1721 4762 consurgens,
1748 4678 1790 4743 ad
1805 4700 1882 4747 me-

246 4793 403 4850 moratum
438 4781 657 4847 Baudolevum
691 4787 727 4844 ut
760 4780 977 4864 spoponderat
1011 4780 1217 4863 perveniens,
1257 4781 1332 4846 dum
1367 4780 1590 4863 ingrederetur
1623 4780 1767 4861 domum,
1804 4784 1882 4849 eius

247 4889 357 4974 puella
386 4907 425 4952 ea
452 4905 516 4968 qua
537 4884 734 4967 gravabatur
756 4883 938 4948 infirmitate
961 4883 995 4947 in
1019 4884 1102 4949 lecto
1126 4882 1264 4949 efficitur
1286 4890 1420 4948 mortua.
1467 4883 1557 4947 Nulli
1580 4883 1664 4949 enim
1688 4884 1775 4950 fideli
1798 4904 1880 4952 con-

247 5000 311 5058 stat
334 4991 476 5069 dubium,
503 4995 537 5053 ut
561 5008 617 5071 per
639 4986 902 5052 resurrectionem
926 4987 1055 5070 puellae
1079 5007 1099 5050 a
1121 4987 1254 5052 mortula
1276 5006 1393 5051 nomeu
1416 4986 1519 5051 sancti
1542 4986 1695 5051 antistitis
1717 4986 1880 5054 clarifica-

247 5104 332 5161 retur
360 5095 393 5159 iu
417 5092 554 5178 populis.
608 5094 668 5172 (79)
697 5089 865 5154 Praefatur
888 5109 1027 5171 namque
1050 5089 1099 5153 vir
1121 5089 1326 5155 Baudolevus
1350 5090 1461 5154 voleus
1484 5110 1519 5154 se
1543 5089 1574 5154 in
1598 5097 1770 5174 conspectu
1794 5111 1880 5174 pon·
1902 5118 1941 5160 aa

251 5291 256 5294 -
288 5284 659 5295 -—-----——-—.—-—-

333 5406 348 5454 3
367 5402 429 5471 ιιιιι]
447 5419 495 5452 oro.
512 5405 533 5450 P
637 5403 664 5451 ll
686 5403 821 5450 demonico
837 5402 859 5448 P
964 5400 994 5450 lo
1013 5397 1096 5466 domo]
1114 5415 1162 5449 om.
1177 5400 1199 5447 P
1303 5399 1332 5447 17
1352 5400 1474 5462 opitulare
1495 5400 1532 5461 (Ρ)
1643 5401 1675 5451 19
1693 5403 1813 5451 calerleus
1827 5403 1876 5467 Ρ),

246 5496 377 5543 caletricus
393 5489 443 5540 Pl:
467 5491 624 5539 Cbclncterr'er'
636 5488 789 5550 epileptiam
800 5504 824 5536 υ.
840 5489 905 5537 Fert.
925 5487 987 5549 Opp.
1006 5490 1028 5547 1,
1042 5504 1067 5549 p.
1083 5491 1117 5537 83
1221 5486 1254 5536 23
1273 5485 1417 5535 laniandam
1435 5486 1472 5547 (Ρ)
1581 5487 1614 5536 34
1633 5485 1713 5554 operi]
1730 5489 1811 5537 ordini
1834 5491 1878 5555 (Q)

247 5580 280 5628 35
298 5581 379 5642 pergit
401 5577 433 5636 οἳ
566 5576 599 5626 36
617 5577 726 5625 dunensi
744 5574 766 5622 P
895 5570 980 5640 nnlca]
997 5588 1046 5623 om.
1064 5575 1084 5634 Q
1218 5572 1250 5623 38
1269 5575 1416 5622 infirmitate
1434 5580 1563 5622 teneretur
1584 5573 1604 5631 Q
1738 5573 1771 5623 39
1789 5574 1834 5624 bec
1857 5579 1880 5638 Q

247 5665 280 5715 to
299 5662 382 5731 suam]
400 5681 447 5713 orn.
466 5663 486 5721 O
591 5661 623 5709 43
643 5657 683 5728 ea]
701 5662 745 5710 llla
765 5659 785 5718 Q
889 5657 996 5726 constat]
1016 5675 1072 5710 esse
1091 5660 1149 5709 cdd.
1168 5662 1188 5720 0
1292 5660 1325 5709 44
1346 5660 1494 5709 clarificatur
1516 5660 1554 5724 (0)
