<?xml version="1.0" encoding="UTF-8"?>
<!DOCTYPE html PUBLIC "-//W3C//DTD XHTML 1.0 Transitional//EN"
    "http://www.w3.org/TR/xhtml1/DTD/xhtml1-transitional.dtd">
<html xmlns="http://www.w3.org/1999/xhtml" xml:lang="en" lang="en">
 <head>
  <title>
</title>
<meta http-equiv="Content-Type" content="text/html;charset=utf-8" />
  <meta name='ocr-system' content='tesseract 3.04.00' />
  <meta name='ocr-capabilities' content='ocr_page ocr_carea ocr_par ocr_line ocrx_word'/>
</head>
<body>
  <div class='ocr_page' id='page_1' title='image "./venantihonoricl00unkngoog_0355.png"; bbox 0 0 4374 6186; ppageno 0'>
   <div class='ocr_carea' id='block_1_1' title="bbox 882 410 1287 470">
    <p class='ocr_par' dir='ltr' id='par_1_1' title="bbox 882 410 1287 470">
     <span class='ocr_line' id='line_1_1' title="bbox 882 410 1287 470; baseline -0.005 0"><span class='ocrx_word' id='word_1_1' title='bbox 882 410 1051 470; x_wconf 80' lang='lat' dir='ltr'>VENAN&#39;I&#39;I</span> <span class='ocrx_word' id='word_1_2' title='bbox 1068 410 1287 470; x_wconf 75' lang='lat' dir='ltr'><strong>FORTVNATI</strong></span> 
     </span>
    </p>
   </div>
   <div class='ocr_carea' id='block_1_2' title="bbox 519 602 1541 3580">
    <p class='ocr_par' dir='ltr' id='par_1_2' title="bbox 547 602 1529 793">
     <span class='ocr_line' id='line_1_2' title="bbox 547 602 1529 696; baseline -0.002 -28"><span class='ocrx_word' id='word_1_3' title='bbox 547 692 551 696; x_wconf 10' lang='grc' dir='ltr'><em>ᾗ</em></span> <span class='ocrx_word' id='word_1_4' title='bbox 608 624 672 687; x_wconf 85' lang='lat' dir='ltr'>qua</span> <span class='ocrx_word' id='word_1_5' title='bbox 693 609 881 689; x_wconf 77' lang='lat' dir='ltr'>penetrante</span> <span class='ocrx_word' id='word_1_6' title='bbox 901 605 972 672; x_wconf 79' lang='lat' dir='ltr'>aeie</span> <span class='ocrx_word' id='word_1_7' title='bbox 995 624 1031 670; x_wconf 92' lang='lat' dir='ltr'>se</span> <span class='ocrx_word' id='word_1_8' title='bbox 1053 603 1203 670; x_wconf 87' lang='lat' dir='ltr'>maehina</span> <span class='ocrx_word' id='word_1_9' title='bbox 1224 603 1309 668; x_wconf 86' lang='lat' dir='ltr'>falsa</span> <span class='ocrx_word' id='word_1_10' title='bbox 1331 602 1473 668; x_wconf 82' lang='lat' dir='ltr'>resolvit.</span> <span class='ocrx_word' id='word_1_11' title='bbox 1527 683 1529 687; x_wconf 23' lang='grc' dir='ltr'>Ι</span> 
     </span>
     <span class='ocr_line' id='line_1_3' title="bbox 608 706 1504 793; baseline -0.004 -20"><span class='ocrx_word' id='word_1_12' title='bbox 608 728 705 793; x_wconf 84' lang='lat' dir='ltr'>saepe</span> <span class='ocrx_word' id='word_1_13' title='bbox 728 708 824 773; x_wconf 89' lang='lat' dir='ltr'>etiam</span> <span class='ocrx_word' id='word_1_14' title='bbox 837 707 881 773; x_wconf 81' lang='lat' dir='ltr'>&#39;in</span> <span class='ocrx_word' id='word_1_15' title='bbox 903 716 1048 774; x_wconf 84' lang='lat' dir='ltr'>sanetum</span> <span class='ocrx_word' id='word_1_16' title='bbox 1069 726 1189 774; x_wconf 82' lang='lat' dir='ltr'>vacuos</span> <span class='ocrx_word' id='word_1_17' title='bbox 1211 726 1327 772; x_wconf 89' lang='lat' dir='ltr'>asuere</span> <span class='ocrx_word' id='word_1_18' title='bbox 1350 706 1504 771; x_wconf 90' lang='lat' dir='ltr'>tumultus</span> 
     </span>
    </p>

    <p class='ocr_par' dir='ltr' id='par_1_3' title="bbox 541 810 1479 1187">
     <span class='ocr_line' id='line_1_4' title="bbox 541 810 1248 894; baseline 0.003 -22"><span class='ocrx_word' id='word_1_19' title='bbox 541 835 553 872; x_wconf 68' lang='grc' dir='ltr'>ι</span> <span class='ocrx_word' id='word_1_20' title='bbox 606 810 792 877; x_wconf 86' lang='lat' dir='ltr'>infitiatores</span> <span class='ocrx_word' id='word_1_21' title='bbox 814 811 896 876; x_wconf 84' lang='lat' dir='ltr'>falso</span> <span class='ocrx_word' id='word_1_22' title='bbox 909 812 1085 877; x_wconf 81' lang='lat' dir='ltr'>&#39;minitante</span> <span class='ocrx_word' id='word_1_23' title='bbox 1108 810 1248 894; x_wconf 85' lang='lat' dir='ltr'>flagello.</span> 
     </span>
     <span class='ocr_line' id='line_1_5' title="bbox 606 910 1479 999; baseline -0.003 -21"><span class='ocrx_word' id='word_1_24' title='bbox 606 913 664 978; x_wconf 88' lang='lat' dir='ltr'>sed</span> <span class='ocrx_word' id='word_1_25' title='bbox 686 914 832 979; x_wconf 83' lang='lat' dir='ltr'>fremitus</span> <span class='ocrx_word' id='word_1_26' title='bbox 854 914 980 996; x_wconf 82' lang='lat' dir='ltr'>fragilis</span> <span class='ocrx_word' id='word_1_27' title='bbox 1002 914 1191 999; x_wconf 86' lang='lat' dir='ltr'>perinanis</span> <span class='ocrx_word' id='word_1_28' title='bbox 1212 913 1362 996; x_wconf 71' lang='lat' dir='ltr'>cymbala</span> <span class='ocrx_word' id='word_1_29' title='bbox 1383 910 1479 977; x_wconf 91' lang='lat' dir='ltr'>tinnit</span> 
     </span>
     <span class='ocr_line' id='line_1_6' title="bbox 605 1015 1376 1101; baseline 0 -20"><span class='ocrx_word' id='word_1_30' title='bbox 605 1017 822 1101; x_wconf 89' lang='lat' dir='ltr'>oppositisque</span> <span class='ocrx_word' id='word_1_31' title='bbox 845 1016 940 1082; x_wconf 92' lang='lat' dir='ltr'>minis</span> <span class='ocrx_word' id='word_1_32' title='bbox 961 1017 1123 1082; x_wconf 79' lang='lat' dir='ltr'>interritus</span> <span class='ocrx_word' id='word_1_33' title='bbox 1145 1017 1216 1101; x_wconf 89' lang='lat' dir='ltr'>ipse</span> <span class='ocrx_word' id='word_1_34' title='bbox 1238 1015 1376 1097; x_wconf 87' lang='lat' dir='ltr'>resistit,</span> 
     </span>
     <span class='ocr_line' id='line_1_7' title="bbox 605 1118 1397 1187; baseline -0.004 -2"><span class='ocrx_word' id='word_1_35' title='bbox 605 1140 663 1185; x_wconf 88' lang='lat' dir='ltr'>neo</span> <span class='ocrx_word' id='word_1_36' title='bbox 685 1119 820 1186; x_wconf 88' lang='lat' dir='ltr'>fundate</span> <span class='ocrx_word' id='word_1_37' title='bbox 842 1120 935 1187; x_wconf 81' lang='lat' dir='ltr'>deest</span> <span class='ocrx_word' id='word_1_38' title='bbox 956 1128 1066 1186; x_wconf 89' lang='lat' dir='ltr'>eontra</span> <span class='ocrx_word' id='word_1_39' title='bbox 1088 1127 1244 1185; x_wconf 81' lang='lat' dir='ltr'>evacuata</span> <span class='ocrx_word' id='word_1_40' title='bbox 1266 1118 1397 1185; x_wconf 91' lang='lat' dir='ltr'>moveri.</span> 
     </span>
    </p>

    <p class='ocr_par' dir='ltr' id='par_1_4' title="bbox 604 1222 1526 1807">
     <span class='ocr_line' id='line_1_8' title="bbox 689 1222 1460 1306; baseline 0 -19"><span class='ocrx_word' id='word_1_41' title='bbox 689 1223 772 1289; x_wconf 88' lang='lat' dir='ltr'>Hine</span> <span class='ocrx_word' id='word_1_42' title='bbox 794 1244 919 1306; x_wconf 91' lang='lat' dir='ltr'>quoque</span> <span class='ocrx_word' id='word_1_43' title='bbox 941 1224 1059 1290; x_wconf 85' lang='lat' dir='ltr'>letiferi</span> <span class='ocrx_word' id='word_1_44' title='bbox 1081 1224 1222 1289; x_wconf 82' lang='lat' dir='ltr'>suffusus</span> <span class='ocrx_word' id='word_1_45' title='bbox 1244 1223 1321 1288; x_wconf 86' lang='lat' dir='ltr'>felle</span> <span class='ocrx_word' id='word_1_46' title='bbox 1337 1222 1460 1288; x_wconf 62' lang='lat' dir='ltr'>‘veneni</span> 
     </span>
     <span class='ocr_line' id='line_1_9' title="bbox 604 1325 1476 1410; baseline -0.002 -19"><span class='ocrx_word' id='word_1_47' title='bbox 604 1327 745 1410; x_wconf 89' lang='lat' dir='ltr'>perfidus</span> <span class='ocrx_word' id='word_1_48' title='bbox 767 1327 928 1393; x_wconf 90' lang='lat' dir='ltr'>horribilis</span> <span class='ocrx_word' id='word_1_49' title='bbox 950 1334 1024 1392; x_wconf 84' lang='lat' dir='ltr'>trux</span> <span class='ocrx_word' id='word_1_50' title='bbox 1045 1327 1187 1393; x_wconf 89' lang='lat' dir='ltr'>lubrieus</span> <span class='ocrx_word' id='word_1_51' title='bbox 1208 1326 1338 1392; x_wconf 83' lang='lat' dir='ltr'>invidus</span> <span class='ocrx_word' id='word_1_52' title='bbox 1359 1325 1476 1408; x_wconf 83' lang='lat' dir='ltr'>anguis</span> 
     </span>
     <span class='ocr_line' id='line_1_10' title="bbox 604 1430 1356 1516; baseline 0 -23"><span class='ocrx_word' id='word_1_53' title='bbox 604 1448 658 1494; x_wconf 91' lang='lat' dir='ltr'>ore</span> <span class='ocrx_word' id='word_1_54' title='bbox 681 1431 855 1496; x_wconf 85' lang='lat' dir='ltr'>cruentatis</span> <span class='ocrx_word' id='word_1_55' title='bbox 878 1431 1048 1496; x_wconf 82' lang='lat' dir='ltr'>Martinam</span> <span class='ocrx_word' id='word_1_56' title='bbox 1071 1438 1222 1516; x_wconf 81' lang='lat' dir='ltr'>provocat</span> <span class='ocrx_word' id='word_1_57' title='bbox 1243 1430 1356 1495; x_wconf 88' lang='lat' dir='ltr'>armis:</span> 
     </span>
     <span class='ocr_line' id='line_1_11' title="bbox 605 1533 1480 1617; baseline -0.002 -20"><span class='ocrx_word' id='word_1_58' title='bbox 605 1552 662 1597; x_wconf 89' lang='lat' dir='ltr'>our</span> <span class='ocrx_word' id='word_1_59' title='bbox 682 1533 801 1600; x_wconf 86' lang='lat' dir='ltr'>habeat</span> <span class='ocrx_word' id='word_1_60' title='bbox 822 1534 996 1599; x_wconf 82' lang='lat' dir='ltr'>monachos</span> <span class='ocrx_word' id='word_1_61' title='bbox 1018 1553 1150 1600; x_wconf 92' lang='lat' dir='ltr'>oneroso</span> <span class='ocrx_word' id='word_1_62' title='bbox 1174 1533 1307 1599; x_wconf 89' lang='lat' dir='ltr'>erimine</span> <span class='ocrx_word' id='word_1_63' title='bbox 1329 1538 1480 1617; x_wconf 69' lang='lat' dir='ltr'>pressos:l</span> 
     </span>
     <span class='ocr_line' id='line_1_12' title="bbox 605 1635 1526 1721; baseline -0.001 -22"><span class='ocrx_word' id='word_1_64' title='bbox 605 1655 660 1700; x_wconf 88' lang='lat' dir='ltr'>eur</span> <span class='ocrx_word' id='word_1_65' title='bbox 682 1637 845 1702; x_wconf 82' lang='lat' dir='ltr'>maculosa</span> <span class='ocrx_word' id='word_1_66' title='bbox 867 1638 979 1702; x_wconf 91' lang='lat' dir='ltr'>eohors</span> <span class='ocrx_word' id='word_1_67' title='bbox 1001 1637 1125 1703; x_wconf 88' lang='lat' dir='ltr'>habitet</span> <span class='ocrx_word' id='word_1_68' title='bbox 1147 1636 1201 1721; x_wconf 90' lang='lat' dir='ltr'>pia</span> <span class='ocrx_word' id='word_1_69' title='bbox 1223 1642 1337 1721; x_wconf 86' lang='lat' dir='ltr'>saepta</span> <span class='ocrx_word' id='word_1_70' title='bbox 1358 1635 1526 1719; x_wconf 70' lang='lat' dir='ltr'>magistri?</span> 
     </span>
     <span class='ocr_line' id='line_1_13' title="bbox 604 1739 1352 1807; baseline 0.001 -5"><span class='ocrx_word' id='word_1_71' title='bbox 604 1758 644 1803; x_wconf 91' lang='lat' dir='ltr'>ne</span> <span class='ocrx_word' id='word_1_72' title='bbox 667 1758 723 1805; x_wconf 89' lang='lat' dir='ltr'>rea</span> <span class='ocrx_word' id='word_1_73' title='bbox 744 1740 837 1805; x_wconf 83' lang='lat' dir='ltr'>turbs</span> <span class='ocrx_word' id='word_1_74' title='bbox 860 1740 954 1805; x_wconf 84' lang='lat' dir='ltr'>malis</span> <span class='ocrx_word' id='word_1_75' title='bbox 977 1741 1074 1807; x_wconf 89' lang='lat' dir='ltr'>violet</span> <span class='ocrx_word' id='word_1_76' title='bbox 1096 1740 1255 1807; x_wconf 78' lang='lat' dir='ltr'>consortia</span> <span class='ocrx_word' id='word_1_77' title='bbox 1276 1739 1352 1804; x_wconf 93' lang='lat' dir='ltr'>iusti</span> 
     </span>
    </p>

    <p class='ocr_par' dir='ltr' id='par_1_5' title="bbox 524 1841 1484 2321">
     <span class='ocr_line' id='line_1_14' title="bbox 524 1841 1410 1926; baseline 0 -20"><span class='ocrx_word' id='word_1_78' title='bbox 524 1865 527 1868; x_wconf 93' lang='lat'>·</span> <span class='ocrx_word' id='word_1_79' title='bbox 603 1841 749 1907; x_wconf 88' lang='lat' dir='ltr'>morbida</span> <span class='ocrx_word' id='word_1_80' title='bbox 771 1863 834 1908; x_wconf 88' lang='lat' dir='ltr'>neu</span> <span class='ocrx_word' id='word_1_81' title='bbox 858 1844 998 1926; x_wconf 89' lang='lat' dir='ltr'>reliquos</span> <span class='ocrx_word' id='word_1_82' title='bbox 1021 1842 1410 1926; x_wconf 78' lang='lat' dir='ltr'>vitii&#39;eontagia&#39;fueent,</span> 
     </span>
     <span class='ocr_line' id='line_1_15' title="bbox 603 1944 1462 2030; baseline 0.001 -22"><span class='ocrx_word' id='word_1_83' title='bbox 603 1945 658 2027; x_wconf 86' lang='lat' dir='ltr'>qui</span> <span class='ocrx_word' id='word_1_84' title='bbox 680 1946 764 2011; x_wconf 87' lang='lat' dir='ltr'>maie</span> <span class='ocrx_word' id='word_1_85' title='bbox 786 1946 961 2030; x_wconf 88' lang='lat' dir='ltr'>polluerint</span> <span class='ocrx_word' id='word_1_86' title='bbox 982 1948 1102 2013; x_wconf 76' lang='lat' dir='ltr'>lavacri</span> <span class='ocrx_word' id='word_1_87' title='bbox 1125 1946 1320 2013; x_wconf 88' lang='lat' dir='ltr'>venerabilis</span> <span class='ocrx_word' id='word_1_88' title='bbox 1341 1944 1462 2011; x_wconf 89' lang='lat' dir='ltr'>undam</span> 
     </span>
     <span class='ocr_line' id='line_1_16' title="bbox 603 2048 1449 2135; baseline 0.002 -24"><span class='ocrx_word' id='word_1_89' title='bbox 603 2067 641 2111; x_wconf 91' lang='lat' dir='ltr'>ao</span> <span class='ocrx_word' id='word_1_90' title='bbox 664 2067 723 2113; x_wconf 88' lang='lat' dir='ltr'>sua</span> <span class='ocrx_word' id='word_1_91' title='bbox 744 2049 942 2133; x_wconf 88' lang='lat' dir='ltr'>perdiderint</span> <span class='ocrx_word' id='word_1_92' title='bbox 962 2050 1157 2135; x_wconf 83' lang='lat' dir='ltr'>baptismata</span> <span class='ocrx_word' id='word_1_93' title='bbox 1179 2049 1311 2115; x_wconf 88' lang='lat' dir='ltr'>erimine</span> <span class='ocrx_word' id='word_1_94' title='bbox 1334 2048 1449 2131; x_wconf 88' lang='lat' dir='ltr'>mersi,</span> 
     </span>
     <span class='ocr_line' id='line_1_17' title="bbox 603 2150 1460 2238; baseline 0.001 -24"><span class='ocrx_word' id='word_1_95' title='bbox 603 2170 662 2215; x_wconf 87' lang='lat' dir='ltr'>nee</span> <span class='ocrx_word' id='word_1_96' title='bbox 684 2151 737 2216; x_wconf 86' lang='lat' dir='ltr'>via</span> <span class='ocrx_word' id='word_1_97' title='bbox 760 2152 802 2217; x_wconf 90' lang='lat' dir='ltr'>sit</span> <span class='ocrx_word' id='word_1_98' title='bbox 823 2152 938 2218; x_wconf 87' lang='lat' dir='ltr'>veniae</span> <span class='ocrx_word' id='word_1_99' title='bbox 959 2153 1056 2238; x_wconf 90' lang='lat' dir='ltr'>periit</span> <span class='ocrx_word' id='word_1_100' title='bbox 1076 2153 1192 2236; x_wconf 90' lang='lat' dir='ltr'>quibus</span> <span class='ocrx_word' id='word_1_101' title='bbox 1215 2150 1460 2235; x_wconf 79' lang='lat' dir='ltr'>orbita&#39;lapsis,</span> 
     </span>
     <span class='ocr_line' id='line_1_18' title="bbox 603 2255 1484 2321; baseline 0.001 -4"><span class='ocrx_word' id='word_1_102' title='bbox 603 2273 674 2318; x_wconf 87' lang='lat' dir='ltr'>oum</span> <span class='ocrx_word' id='word_1_103' title='bbox 697 2255 797 2320; x_wconf 91' lang='lat' dir='ltr'>semel</span> <span class='ocrx_word' id='word_1_104' title='bbox 820 2255 853 2319; x_wconf 94' lang='lat' dir='ltr'>in</span> <span class='ocrx_word' id='word_1_105' title='bbox 875 2255 1002 2321; x_wconf 85' lang='lat' dir='ltr'>foveam</span> <span class='ocrx_word' id='word_1_106' title='bbox 1025 2256 1079 2321; x_wconf 86' lang='lat' dir='ltr'>vix</span> <span class='ocrx_word' id='word_1_107' title='bbox 1102 2256 1144 2321; x_wconf 92' lang='lat' dir='ltr'>sit</span> <span class='ocrx_word' id='word_1_108' title='bbox 1165 2274 1317 2321; x_wconf 84' lang='lat' dir='ltr'>revocare</span> <span class='ocrx_word' id='word_1_109' title='bbox 1341 2261 1484 2320; x_wconf 89' lang='lat' dir='ltr'>ruentem</span> 
     </span>
    </p>

    <p class='ocr_par' dir='ltr' id='par_1_6' title="bbox 519 2357 1541 2855">
     <span class='ocr_line' id='line_1_19' title="bbox 519 2357 1424 2443; baseline 0 -21"><span class='ocrx_word' id='word_1_110' title='bbox 519 2381 524 2403; x_wconf 70' lang='lat'><strong>¹</strong></span> <span class='ocrx_word' id='word_1_111' title='bbox 603 2377 768 2441; x_wconf 81' lang='lat' dir='ltr'>seneque</span> <span class='ocrx_word' id='word_1_112' title='bbox 791 2358 917 2424; x_wconf 88' lang='lat' dir='ltr'>restitui</span> <span class='ocrx_word' id='word_1_113' title='bbox 939 2366 1065 2424; x_wconf 87' lang='lat' dir='ltr'>vastato</span> <span class='ocrx_word' id='word_1_114' title='bbox 1088 2360 1121 2424; x_wconf 93' lang='lat' dir='ltr'>in</span> <span class='ocrx_word' id='word_1_115' title='bbox 1144 2370 1273 2443; x_wconf 78' lang='lat' dir='ltr'>corpore</span> <span class='ocrx_word' id='word_1_116' title='bbox 1296 2357 1424 2439; x_wconf 90' lang='lat' dir='ltr'>florem,</span> 
     </span>
     <span class='ocr_line' id='line_1_20' title="bbox 603 2460 1425 2547; baseline 0 -22"><span class='ocrx_word' id='word_1_117' title='bbox 603 2481 662 2525; x_wconf 90' lang='lat' dir='ltr'>neo</span> <span class='ocrx_word' id='word_1_118' title='bbox 685 2460 795 2527; x_wconf 84' lang='lat' dir='ltr'>redeat</span> <span class='ocrx_word' id='word_1_119' title='bbox 816 2462 943 2528; x_wconf 88' lang='lat' dir='ltr'>miseris</span> <span class='ocrx_word' id='word_1_120' title='bbox 966 2463 1050 2528; x_wconf 84' lang='lat' dir='ltr'>ultra</span> <span class='ocrx_word' id='word_1_121' title='bbox 1071 2462 1272 2547; x_wconf 85' lang='lat' dir='ltr'>indulgentia</span> <span class='ocrx_word' id='word_1_122' title='bbox 1294 2461 1425 2528; x_wconf 82' lang='lat' dir='ltr'>Christi.</span> 
     </span>
     <span class='ocr_line' id='line_1_21' title="bbox 602 2564 1462 2632; baseline 0.001 -4"><span class='ocrx_word' id='word_1_123' title='bbox 602 2573 678 2629; x_wconf 88' lang='lat' dir='ltr'>tuno</span> <span class='ocrx_word' id='word_1_124' title='bbox 698 2564 854 2630; x_wconf 87' lang='lat' dir='ltr'>Martinus</span> <span class='ocrx_word' id='word_1_125' title='bbox 876 2566 922 2631; x_wconf 89' lang='lat' dir='ltr'>ait</span> <span class='ocrx_word' id='word_1_126' title='bbox 943 2566 1024 2632; x_wconf 85' lang='lat' dir='ltr'>haee</span> <span class='ocrx_word' id='word_1_127' title='bbox 1046 2573 1155 2632; x_wconf 87' lang='lat' dir='ltr'>eontra</span> <span class='ocrx_word' id='word_1_128' title='bbox 1177 2565 1343 2632; x_wconf 87' lang='lat' dir='ltr'>daemonis</span> <span class='ocrx_word' id='word_1_129' title='bbox 1365 2565 1462 2630; x_wconf 87' lang='lat' dir='ltr'>iram:</span> 
     </span>
     <span class='ocr_line' id='line_1_22' title="bbox 607 2666 1541 2752; baseline 0.001 -21"><span class='ocrx_word' id='word_1_130' title='bbox 607 2666 743 2751; x_wconf 81' lang='lat' dir='ltr'>‘perfide</span> <span class='ocrx_word' id='word_1_131' title='bbox 766 2667 947 2752; x_wconf 76' lang='lat' dir='ltr'>desipiens,</span> <span class='ocrx_word' id='word_1_132' title='bbox 973 2669 1132 2752; x_wconf 88' lang='lat' dir='ltr'>quianon</span> <span class='ocrx_word' id='word_1_133' title='bbox 1155 2677 1211 2735; x_wconf 88' lang='lat' dir='ltr'>tua</span> <span class='ocrx_word' id='word_1_134' title='bbox 1233 2668 1399 2735; x_wconf 78' lang='lat' dir='ltr'>commoda</span> <span class='ocrx_word' id='word_1_135' title='bbox 1421 2668 1541 2749; x_wconf 83' lang='lat' dir='ltr'>cernis,</span> 
     </span>
     <span class='ocr_line' id='line_1_23' title="bbox 602 2769 1382 2855; baseline 0.001 -22"><span class='ocrx_word' id='word_1_136' title='bbox 602 2769 704 2834; x_wconf 88' lang='lat' dir='ltr'>hostis</span> <span class='ocrx_word' id='word_1_137' title='bbox 726 2769 835 2852; x_wconf 90' lang='lat' dir='ltr'>inique</span> <span class='ocrx_word' id='word_1_138' title='bbox 857 2770 933 2854; x_wconf 90' lang='lat' dir='ltr'>tibi,</span> <span class='ocrx_word' id='word_1_139' title='bbox 959 2772 1016 2838; x_wconf 92' lang='lat' dir='ltr'>tibi</span> <span class='ocrx_word' id='word_1_140' title='bbox 1038 2773 1133 2838; x_wconf 83' lang='lat' dir='ltr'>noxie</span> <span class='ocrx_word' id='word_1_141' title='bbox 1156 2779 1188 2838; x_wconf 90' lang='lat' dir='ltr'>te</span> <span class='ocrx_word' id='word_1_142' title='bbox 1210 2779 1382 2855; x_wconf 90' lang='lat' dir='ltr'>pereunte:</span> 
     </span>
    </p>

    <p class='ocr_par' dir='ltr' id='par_1_7' title="bbox 536 2873 1463 3580">
     <span class='ocr_line' id='line_1_24' title="bbox 536 2873 1458 2960; baseline 0.005 -25"><span class='ocrx_word' id='word_1_143' title='bbox 536 2896 548 2934; x_wconf 78' lang='lat' dir='ltr'>s</span> <span class='ocrx_word' id='word_1_144' title='bbox 602 2873 630 2936; x_wconf 93' lang='lat' dir='ltr'>si</span> <span class='ocrx_word' id='word_1_145' title='bbox 654 2894 737 2937; x_wconf 88' lang='lat' dir='ltr'>nune</span> <span class='ocrx_word' id='word_1_146' title='bbox 759 2873 944 2957; x_wconf 86' lang='lat' dir='ltr'>paeniteas,</span> <span class='ocrx_word' id='word_1_147' title='bbox 971 2875 1000 2939; x_wconf 88' lang='lat' dir='ltr'>si</span> <span class='ocrx_word' id='word_1_148' title='bbox 1022 2895 1106 2940; x_wconf 89' lang='lat' dir='ltr'>nune</span> <span class='ocrx_word' id='word_1_149' title='bbox 1128 2875 1316 2960; x_wconf 83' lang='lat' dir='ltr'>resipiscere</span> <span class='ocrx_word' id='word_1_150' title='bbox 1339 2876 1458 2957; x_wconf 87' lang='lat' dir='ltr'>velles,</span> 
     </span>
     <span class='ocr_line' id='line_1_25' title="bbox 602 2975 1463 3064; baseline 0.003 -24"><span class='ocrx_word' id='word_1_151' title='bbox 602 2975 813 3060; x_wconf 79' lang='lat' dir='ltr'>praecipitare</span> <span class='ocrx_word' id='word_1_152' title='bbox 835 2976 960 3042; x_wconf 86' lang='lat' dir='ltr'>animas</span> <span class='ocrx_word' id='word_1_153' title='bbox 982 2978 1102 3043; x_wconf 89' lang='lat' dir='ltr'>utiam</span> <span class='ocrx_word' id='word_1_154' title='bbox 1125 2998 1183 3064; x_wconf 90' lang='lat' dir='ltr'>per</span> <span class='ocrx_word' id='word_1_155' title='bbox 1205 2979 1337 3044; x_wconf 86' lang='lat' dir='ltr'>erimina</span> <span class='ocrx_word' id='word_1_156' title='bbox 1358 2979 1463 3043; x_wconf 92' lang='lat' dir='ltr'>nolles</span> 
     </span>
     <span class='ocr_line' id='line_1_26' title="bbox 602 3080 1288 3148; baseline 0.007 -5"><span class='ocrx_word' id='word_1_157' title='bbox 602 3099 661 3144; x_wconf 88' lang='lat' dir='ltr'>neo</span> <span class='ocrx_word' id='word_1_158' title='bbox 682 3085 738 3144; x_wconf 87' lang='lat' dir='ltr'>tna</span> <span class='ocrx_word' id='word_1_159' title='bbox 761 3080 917 3146; x_wconf 84' lang='lat' dir='ltr'>servirent</span> <span class='ocrx_word' id='word_1_160' title='bbox 939 3081 1066 3148; x_wconf 88' lang='lat' dir='ltr'>alienae</span> <span class='ocrx_word' id='word_1_161' title='bbox 1089 3082 1155 3147; x_wconf 90' lang='lat' dir='ltr'>tela</span> <span class='ocrx_word' id='word_1_162' title='bbox 1177 3083 1288 3148; x_wconf 85' lang='lat' dir='ltr'>ruinae</span> 
     </span>
     <span class='ocr_line' id='line_1_27' title="bbox 602 3183 1344 3268; baseline 0.003 -21"><span class='ocrx_word' id='word_1_163' title='bbox 602 3201 786 3265; x_wconf 84' lang='lat' dir='ltr'>erroresque</span> <span class='ocrx_word' id='word_1_164' title='bbox 808 3189 881 3249; x_wconf 90' lang='lat' dir='ltr'>tuos</span> <span class='ocrx_word' id='word_1_165' title='bbox 904 3183 1075 3250; x_wconf 83' lang='lat' dir='ltr'>damnares</span> <span class='ocrx_word' id='word_1_166' title='bbox 1097 3184 1207 3251; x_wconf 92' lang='lat' dir='ltr'>ultime</span> <span class='ocrx_word' id='word_1_167' title='bbox 1229 3185 1344 3268; x_wconf 84' lang='lat' dir='ltr'>iudex,</span> 
     </span>
     <span class='ocr_line' id='line_1_28' title="bbox 601 3285 1359 3374; baseline 0.007 -25"><span class='ocrx_word' id='word_1_168' title='bbox 601 3285 642 3350; x_wconf 88' lang='lat' dir='ltr'>de</span> <span class='ocrx_word' id='word_1_169' title='bbox 664 3285 784 3370; x_wconf 86' lang='lat' dir='ltr'>pietate</span> <span class='ocrx_word' id='word_1_170' title='bbox 807 3285 860 3352; x_wconf 92' lang='lat' dir='ltr'>dei</span> <span class='ocrx_word' id='word_1_171' title='bbox 881 3286 986 3353; x_wconf 88' lang='lat' dir='ltr'>fidens</span> <span class='ocrx_word' id='word_1_172' title='bbox 1008 3289 1190 3373; x_wconf 90' lang='lat' dir='ltr'>promittere</span> <span class='ocrx_word' id='word_1_173' title='bbox 1212 3308 1359 3374; x_wconf 87' lang='lat' dir='ltr'>possem,</span> 
     </span>
     <span class='ocr_line' id='line_1_29' title="bbox 601 3388 1435 3458; baseline 0.004 -5"><span class='ocrx_word' id='word_1_174' title='bbox 601 3397 636 3455; x_wconf 91' lang='lat' dir='ltr'>ut</span> <span class='ocrx_word' id='word_1_175' title='bbox 657 3388 715 3454; x_wconf 91' lang='lat' dir='ltr'>tibi</span> <span class='ocrx_word' id='word_1_176' title='bbox 736 3396 803 3455; x_wconf 84' lang='lat' dir='ltr'>tam</span> <span class='ocrx_word' id='word_1_177' title='bbox 824 3390 941 3456; x_wconf 90' lang='lat' dir='ltr'>misero</span> <span class='ocrx_word' id='word_1_178' title='bbox 963 3392 1109 3457; x_wconf 90' lang='lat' dir='ltr'>misereri</span> <span class='ocrx_word' id='word_1_179' title='bbox 1131 3393 1278 3458; x_wconf 80' lang='lat' dir='ltr'>Christus</span> <span class='ocrx_word' id='word_1_180' title='bbox 1300 3393 1435 3458; x_wconf 87' lang='lat' dir='ltr'>haberet</span> 
     </span>
     <span class='ocr_line' id='line_1_30' title="bbox 601 3493 1352 3580; baseline 0 -20"><span class='ocrx_word' id='word_1_181' title='bbox 601 3501 634 3560; x_wconf 91' lang='lat' dir='ltr'>et</span> <span class='ocrx_word' id='word_1_182' title='bbox 656 3493 717 3559; x_wconf 88' lang='lat' dir='ltr'>eito</span> <span class='ocrx_word' id='word_1_183' title='bbox 741 3493 874 3560; x_wconf 84' lang='lat' dir='ltr'>donaret</span> <span class='ocrx_word' id='word_1_184' title='bbox 896 3497 1055 3561; x_wconf 81' lang='lat' dir='ltr'>scelerata</span> <span class='ocrx_word' id='word_1_185' title='bbox 1076 3494 1205 3579; x_wconf 81' lang='lat' dir='ltr'>piacula</span> <span class='ocrx_word' id='word_1_186' title='bbox 1227 3497 1352 3580; x_wconf 86' lang='lat' dir='ltr'>eulpae.</span> 
     </span>
    </p>
   </div>
   <div class='ocr_carea' id='block_1_3' title="bbox 373 3701 636 3764">
    <p class='ocr_par' dir='ltr' id='par_1_8' title="bbox 373 3701 636 3764">
     <span class='ocr_line' id='line_1_31' title="bbox 373 3701 636 3764; baseline 0.008 -14"><span class='ocrx_word' id='word_1_187' title='bbox 373 3701 445 3764; x_wconf 68' lang='lat' dir='ltr'>serp.</span> <span class='ocrx_word' id='word_1_188' title='bbox 467 3703 524 3754; x_wconf 70' lang='lat' dir='ltr'>ses.</span> <span class='ocrx_word' id='word_1_189' title='bbox 551 3706 578 3754; x_wconf 82' lang='lat' dir='ltr'>v.</span> <span class='ocrx_word' id='word_1_190' title='bbox 601 3703 636 3752; x_wconf 84' lang='lat' dir='ltr'>rr.</span> 
     </span>
    </p>
   </div>
   <div class='ocr_carea' id='block_1_4' title="bbox 267 3841 1894 4770">
    <p class='ocr_par' dir='ltr' id='par_1_9' title="bbox 269 3841 1894 3993">
     <span class='ocr_line' id='line_1_32' title="bbox 269 3841 1894 3908; baseline 0.002 -21"><span class='ocrx_word' id='word_1_191' title='bbox 269 3841 387 3890; x_wconf 86' lang='lat' dir='ltr'>orationis</span> <span class='ocrx_word' id='word_1_192' title='bbox 405 3841 501 3892; x_wconf 76' lang='lat' dir='ltr'>iuxilio</span> <span class='ocrx_word' id='word_1_193' title='bbox 518 3848 672 3908; x_wconf 77' lang='lat' dir='ltr'>protegebat.</span> <span class='ocrx_word' id='word_1_194' title='bbox 717 3844 751 3906; x_wconf 75' lang='lat'>(9)</span> <span class='ocrx_word' id='word_1_195' title='bbox 771 3844 939 3892; x_wconf 68' lang='lat' dir='ltr'>audiebantur</span> <span class='ocrx_word' id='word_1_196' title='bbox 961 3844 1109 3906; x_wconf 84' lang='lat' dir='ltr'>plerumque</span> <span class='ocrx_word' id='word_1_197' title='bbox 1134 3845 1260 3906; x_wconf 78' lang='lat' dir='ltr'>convicia,</span> <span class='ocrx_word' id='word_1_198' title='bbox 1287 3845 1380 3905; x_wconf 89' lang='lat' dir='ltr'>quibus</span> <span class='ocrx_word' id='word_1_199' title='bbox 1403 3844 1475 3891; x_wconf 91' lang='lat' dir='ltr'>illum</span> <span class='ocrx_word' id='word_1_200' title='bbox 1500 3845 1572 3891; x_wconf 86' lang='lat' dir='ltr'>turba</span> <span class='ocrx_word' id='word_1_201' title='bbox 1596 3843 1745 3892; x_wconf 86' lang='lat' dir='ltr'>daemonum</span> <span class='ocrx_word' id='word_1_202' title='bbox 1768 3846 1894 3905; x_wconf 82' lang='lat' dir='ltr'>protervis</span> 
     </span>
     <span class='ocr_line' id='line_1_33' title="bbox 271 3928 1442 3993; baseline 0.005 -21"><span class='ocrx_word' id='word_1_203' title='bbox 271 3928 370 3975; x_wconf 78' lang='lat' dir='ltr'>roribus</span> <span class='ocrx_word' id='word_1_204' title='bbox 388 3930 547 3993; x_wconf 71' lang='lat' dir='ltr'>increpabat:</span> <span class='ocrx_word' id='word_1_205' title='bbox 568 3933 612 3981; x_wconf 90' lang='lat' dir='ltr'>sed</span> <span class='ocrx_word' id='word_1_206' title='bbox 629 3932 712 3979; x_wconf 88' lang='lat' dir='ltr'>omnia</span> <span class='ocrx_word' id='word_1_207' title='bbox 730 3931 792 3979; x_wconf 78' lang='lat' dir='ltr'>laisa</span> <span class='ocrx_word' id='word_1_208' title='bbox 809 3934 836 3978; x_wconf 89' lang='lat' dir='ltr'>et</span> <span class='ocrx_word' id='word_1_209' title='bbox 853 3945 917 3978; x_wconf 82' lang='lat' dir='ltr'>rana</span> <span class='ocrx_word' id='word_1_210' title='bbox 934 3943 1082 3991; x_wconf 81' lang='lat' dir='ltr'>cognoscens</span> <span class='ocrx_word' id='word_1_211' title='bbox 1100 3943 1149 3976; x_wconf 91' lang='lat' dir='ltr'>non</span> <span class='ocrx_word' id='word_1_212' title='bbox 1168 3930 1313 3977; x_wconf 79' lang='lat' dir='ltr'>movebatur</span> <span class='ocrx_word' id='word_1_213' title='bbox 1324 3930 1442 3979; x_wconf 82' lang='lat' dir='ltr'>obiectis.</span> 
     </span>
    </p>

    <p class='ocr_par' dir='ltr' id='par_1_10' title="bbox 267 4012 1893 4770">
     <span class='ocr_line' id='line_1_34' title="bbox 337 4012 1893 4078; baseline 0.001 -17"><span class='ocrx_word' id='word_1_214' title='bbox 337 4015 377 4075; x_wconf 66' lang='lat'>22,</span> <span class='ocrx_word' id='word_1_215' title='bbox 398 4017 415 4063; x_wconf 82' lang='lat'><strong><em>3</em></strong></span> <span class='ocrx_word' id='word_1_216' title='bbox 433 4016 599 4066; x_wconf 74' lang='lat' dir='ltr'>Testabantur</span> <span class='ocrx_word' id='word_1_217' title='bbox 616 4020 692 4067; x_wconf 85' lang='lat' dir='ltr'>etiam</span> <span class='ocrx_word' id='word_1_218' title='bbox 711 4017 788 4077; x_wconf 86' lang='lat' dir='ltr'>aliqui</span> <span class='ocrx_word' id='word_1_219' title='bbox 807 4031 840 4064; x_wconf 80' lang='lat' dir='ltr'>ea</span> <span class='ocrx_word' id='word_1_220' title='bbox 858 4015 991 4074; x_wconf 82' lang='lat' dir='ltr'>tratribus,</span> <span class='ocrx_word' id='word_1_221' title='bbox 1018 4014 1118 4061; x_wconf 89' lang='lat' dir='ltr'>audisse</span> <span class='ocrx_word' id='word_1_222' title='bbox 1137 4028 1164 4061; x_wconf 89' lang='lat' dir='ltr'>se</span> <span class='ocrx_word' id='word_1_223' title='bbox 1182 4014 1327 4074; x_wconf 81' lang='lat' dir='ltr'>daemonem</span> <span class='ocrx_word' id='word_1_224' title='bbox 1345 4015 1466 4075; x_wconf 82' lang='lat' dir='ltr'>protervis</span> <span class='ocrx_word' id='word_1_225' title='bbox 1485 4012 1620 4062; x_wconf 82' lang='lat' dir='ltr'>Martinum</span> <span class='ocrx_word' id='word_1_226' title='bbox 1640 4017 1742 4064; x_wconf 88' lang='lat' dir='ltr'>voeibus</span> <span class='ocrx_word' id='word_1_227' title='bbox 1760 4017 1893 4078; x_wconf 76' lang='lat' dir='ltr'>increpan-</span> 
     </span>
     <span class='ocr_line' id='line_1_35' title="bbox 268 4101 1893 4164; baseline 0.003 -19"><span class='ocrx_word' id='word_1_228' title='bbox 268 4104 333 4161; x_wconf 86' lang='lat' dir='ltr'>tsur,</span> <span class='ocrx_word' id='word_1_229' title='bbox 353 4115 397 4149; x_wconf 85' lang='lat' dir='ltr'>eur</span> <span class='ocrx_word' id='word_1_230' title='bbox 415 4103 481 4151; x_wconf 87' lang='lat' dir='ltr'>intra</span> <span class='ocrx_word' id='word_1_231' title='bbox 499 4106 674 4153; x_wconf 89' lang='lat' dir='ltr'>monasterium</span> <span class='ocrx_word' id='word_1_232' title='bbox 693 4103 789 4164; x_wconf 86' lang='lat' dir='ltr'>aliquos</span> <span class='ocrx_word' id='word_1_233' title='bbox 808 4115 839 4149; x_wconf 82' lang='lat' dir='ltr'>ex</span> <span class='ocrx_word' id='word_1_234' title='bbox 858 4103 989 4163; x_wconf 81' lang='lat' dir='ltr'>iratribus,</span> <span class='ocrx_word' id='word_1_235' title='bbox 1011 4101 1055 4162; x_wconf 91' lang='lat' dir='ltr'>qul</span> <span class='ocrx_word' id='word_1_236' title='bbox 1073 4101 1131 4149; x_wconf 90' lang='lat' dir='ltr'>olim</span> <span class='ocrx_word' id='word_1_237' title='bbox 1149 4101 1304 4161; x_wconf 84' lang='lat' dir='ltr'>baptismum</span> <span class='ocrx_word' id='word_1_238' title='bbox 1322 4101 1428 4148; x_wconf 80' lang='lat' dir='ltr'>diversis</span> <span class='ocrx_word' id='word_1_239' title='bbox 1446 4101 1568 4149; x_wconf 89' lang='lat' dir='ltr'>erroribus</span> <span class='ocrx_word' id='word_1_240' title='bbox 1586 4102 1767 4163; x_wconf 82' lang='lat' dir='ltr'>perdidissent,</span> <span class='ocrx_word' id='word_1_241' title='bbox 1787 4115 1893 4151; x_wconf 82' lang='lat' dir='ltr'>eonver-</span> 
     </span>
     <span class='ocr_line' id='line_1_36' title="bbox 269 4185 1893 4253; baseline 0.002 -20"><span class='ocrx_word' id='word_1_242' title='bbox 269 4198 308 4233; x_wconf 84' lang='lat' dir='ltr'>soa</span> <span class='ocrx_word' id='word_1_243' title='bbox 331 4194 418 4248; x_wconf 82' lang='lat' dir='ltr'>postea</span> <span class='ocrx_word' id='word_1_244' title='bbox 441 4192 591 4253; x_wconf 80' lang='lat' dir='ltr'>recepisset,</span> <span class='ocrx_word' id='word_1_245' title='bbox 617 4195 784 4253; x_wconf 84' lang='lat' dir='ltr'>exponentem</span> <span class='ocrx_word' id='word_1_246' title='bbox 807 4189 911 4236; x_wconf 89' lang='lat' dir='ltr'>erimina</span> <span class='ocrx_word' id='word_1_247' title='bbox 929 4187 1092 4247; x_wconf 76' lang='lat' dir='ltr'>singulorum.</span> <span class='ocrx_word' id='word_1_248' title='bbox 1133 4188 1166 4248; x_wconf 74' lang='lat' dir='ltr'>(l)</span> <span class='ocrx_word' id='word_1_249' title='bbox 1187 4185 1322 4234; x_wconf 81' lang='lat' dir='ltr'>Martinam</span> <span class='ocrx_word' id='word_1_250' title='bbox 1341 4187 1436 4235; x_wconf 87' lang='lat' dir='ltr'>diabolo</span> <span class='ocrx_word' id='word_1_251' title='bbox 1454 4195 1634 4248; x_wconf 76' lang='lat' dir='ltr'>repugnantem</span> <span class='ocrx_word' id='word_1_252' title='bbox 1653 4189 1814 4250; x_wconf 87' lang='lat' dir='ltr'>respondisse</span> <span class='ocrx_word' id='word_1_253' title='bbox 1832 4202 1893 4236; x_wconf 87' lang='lat' dir='ltr'>oon·</span> 
     </span>
     <span class='ocr_line' id='line_1_37' title="bbox 268 4273 1893 4338; baseline 0.002 -20"><span class='ocrx_word' id='word_1_254' title='bbox 268 4275 377 4334; x_wconf 69' lang='lat' dir='ltr'>runai,</span> <span class='ocrx_word' id='word_1_255' title='bbox 403 4277 505 4338; x_wconf 87' lang='lat' dir='ltr'>antiqua</span> <span class='ocrx_word' id='word_1_256' title='bbox 528 4277 621 4326; x_wconf 86' lang='lat' dir='ltr'>delleta</span> <span class='ocrx_word' id='word_1_257' title='bbox 645 4277 754 4323; x_wconf 87' lang='lat' dir='ltr'>melioris</span> <span class='ocrx_word' id='word_1_258' title='bbox 778 4276 844 4322; x_wconf 87' lang='lat' dir='ltr'>vitae</span> <span class='ocrx_word' id='word_1_259' title='bbox 868 4276 1055 4322; x_wconf 84' lang='lat' dir='ltr'>conversatione</span> <span class='ocrx_word' id='word_1_260' title='bbox 1080 4274 1194 4335; x_wconf 78' lang='lat' dir='ltr'>purgari,</span> <span class='ocrx_word' id='word_1_261' title='bbox 1222 4280 1248 4320; x_wconf 89' lang='lat' dir='ltr'>et</span> <span class='ocrx_word' id='word_1_262' title='bbox 1266 4287 1311 4336; x_wconf 91' lang='lat' dir='ltr'>per</span> <span class='ocrx_word' id='word_1_263' title='bbox 1327 4273 1521 4321; x_wconf 78' lang='lat' dir='ltr'>miserirordtrm</span> <span class='ocrx_word' id='word_1_264' title='bbox 1540 4273 1635 4322; x_wconf 89' lang='lat' dir='ltr'>domini</span> <span class='ocrx_word' id='word_1_265' title='bbox 1655 4275 1818 4323; x_wconf 84' lang='lat' dir='ltr'>absolvendos</span> <span class='ocrx_word' id='word_1_266' title='bbox 1836 4289 1893 4322; x_wconf 88' lang='lat' dir='ltr'>esse</span> 
     </span>
     <span class='ocr_line' id='line_1_38' title="bbox 268 4359 1892 4424; baseline 0 -18"><span class='ocrx_word' id='word_1_267' title='bbox 268 4361 392 4422; x_wconf 75' lang='lat' dir='ltr'>poscatis,</span> <span class='ocrx_word' id='word_1_268' title='bbox 412 4362 456 4422; x_wconf 91' lang='lat' dir='ltr'>qni</span> <span class='ocrx_word' id='word_1_269' title='bbox 476 4376 576 4424; x_wconf 81' lang='lat' dir='ltr'>peceare</span> <span class='ocrx_word' id='word_1_270' title='bbox 594 4362 725 4410; x_wconf 87' lang='lat' dir='ltr'>desierint.</span> <span class='ocrx_word' id='word_1_271' title='bbox 763 4367 848 4409; x_wconf 89' lang='lat' dir='ltr'>eontra</span> <span class='ocrx_word' id='word_1_272' title='bbox 866 4360 966 4409; x_wconf 82' lang='lat' dir='ltr'>(licente</span> <span class='ocrx_word' id='word_1_273' title='bbox 984 4360 1095 4421; x_wconf 88' lang='lat' dir='ltr'>diabolo,</span> <span class='ocrx_word' id='word_1_274' title='bbox 1115 4373 1164 4407; x_wconf 89' lang='lat' dir='ltr'>non</span> <span class='ocrx_word' id='word_1_275' title='bbox 1183 4360 1308 4421; x_wconf 85' lang='lat' dir='ltr'>pertinere</span> <span class='ocrx_word' id='word_1_276' title='bbox 1326 4359 1357 4406; x_wconf 88' lang='lat' dir='ltr'>ad</span> <span class='ocrx_word' id='word_1_277' title='bbox 1375 4362 1473 4407; x_wconf 81' lang='lat' dir='ltr'>reniam</span> <span class='ocrx_word' id='word_1_278' title='bbox 1492 4361 1652 4422; x_wconf 86' lang='lat' dir='ltr'>criminosus,</span> <span class='ocrx_word' id='word_1_279' title='bbox 1673 4366 1700 4409; x_wconf 90' lang='lat' dir='ltr'>et</span> <span class='ocrx_word' id='word_1_280' title='bbox 1718 4361 1794 4409; x_wconf 89' lang='lat' dir='ltr'>semel</span> <span class='ocrx_word' id='word_1_281' title='bbox 1812 4360 1892 4421; x_wconf 83' lang='lat' dir='ltr'>lapsis</span> 
     </span>
     <span class='ocr_line' id='line_1_39' title="bbox 269 4443 1889 4510; baseline 0.004 -21"><span class='ocrx_word' id='word_1_282' title='bbox 269 4443 362 4492; x_wconf 83' lang='lat' dir='ltr'>rrrrliaur</span> <span class='ocrx_word' id='word_1_283' title='bbox 381 4460 395 4493; x_wconf 90' lang='lat' dir='ltr'>a</span> <span class='ocrx_word' id='word_1_284' title='bbox 413 4447 512 4495; x_wconf 86' lang='lat' dir='ltr'>domino</span> <span class='ocrx_word' id='word_1_285' title='bbox 530 4450 649 4509; x_wconf 84' lang='lat' dir='ltr'>praestari</span> <span class='ocrx_word' id='word_1_286' title='bbox 668 4461 739 4510; x_wconf 87' lang='lat' dir='ltr'>posse</span> <span class='ocrx_word' id='word_1_287' title='bbox 758 4448 926 4508; x_wconf 85' lang='lat' dir='ltr'>elementiam,</span> <span class='ocrx_word' id='word_1_288' title='bbox 947 4454 1008 4494; x_wconf 89' lang='lat' dir='ltr'>tune</span> <span class='ocrx_word' id='word_1_289' title='bbox 1027 4448 1053 4492; x_wconf 90' lang='lat' dir='ltr'>in</span> <span class='ocrx_word' id='word_1_290' title='bbox 1071 4446 1136 4493; x_wconf 88' lang='lat' dir='ltr'>bane</span> <span class='ocrx_word' id='word_1_291' title='bbox 1155 4460 1237 4495; x_wconf 84' lang='lat' dir='ltr'>vocem</span> <span class='ocrx_word' id='word_1_292' title='bbox 1256 4446 1336 4494; x_wconf 84' lang='lat' dir='ltr'>fertur</span> <span class='ocrx_word' id='word_1_293' title='bbox 1354 4447 1507 4494; x_wconf 83' lang='lat' dir='ltr'>exclamasse</span> <span class='ocrx_word' id='word_1_294' title='bbox 1520 4447 1658 4496; x_wconf 86' lang='lat' dir='ltr'>Martinus:</span> <span class='ocrx_word' id='word_1_295' title='bbox 1682 4447 1715 4509; x_wconf 75' lang='lat' dir='ltr'>(b)</span> <span class='ocrx_word' id='word_1_296' title='bbox 1734 4447 1771 4495; x_wconf 89' lang='lat' dir='ltr'>‘si</span> <span class='ocrx_word' id='word_1_297' title='bbox 1784 4452 1812 4494; x_wconf 89' lang='lat' dir='ltr'>tu</span> <span class='ocrx_word' id='word_1_298' title='bbox 1824 4447 1889 4509; x_wconf 84' lang='lat' dir='ltr'>ipse,</span> 
     </span>
     <span class='ocr_line' id='line_1_40' title="bbox 268 4531 1893 4595; baseline 0.002 -18"><span class='ocrx_word' id='word_1_299' title='bbox 268 4531 429 4595; x_wconf 77' lang='lat' dir='ltr'>miserabilis,</span> <span class='ocrx_word' id='word_1_300' title='bbox 458 4536 488 4580; x_wconf 87' lang='lat' dir='ltr'>ab</span> <span class='ocrx_word' id='word_1_301' title='bbox 505 4534 633 4582; x_wconf 87' lang='lat' dir='ltr'>bominum</span> <span class='ocrx_word' id='word_1_302' title='bbox 650 4535 815 4583; x_wconf 78' lang='lat' dir='ltr'>insectatione</span> <span class='ocrx_word' id='word_1_303' title='bbox 833 4534 967 4581; x_wconf 82' lang='lat' dir='ltr'>desisteres</span> <span class='ocrx_word' id='word_1_304' title='bbox 985 4540 1010 4579; x_wconf 91' lang='lat' dir='ltr'>et</span> <span class='ocrx_word' id='word_1_305' title='bbox 1029 4539 1055 4580; x_wconf 89' lang='lat' dir='ltr'>te</span> <span class='ocrx_word' id='word_1_306' title='bbox 1073 4533 1192 4580; x_wconf 81' lang='lat' dir='ltr'>laetorum</span> <span class='ocrx_word' id='word_1_307' title='bbox 1212 4539 1310 4580; x_wconf 88' lang='lat' dir='ltr'>tuorum</span> <span class='ocrx_word' id='word_1_308' title='bbox 1330 4532 1370 4578; x_wconf 88' lang='lat' dir='ltr'>vel</span> <span class='ocrx_word' id='word_1_309' title='bbox 1387 4532 1433 4579; x_wconf 90' lang='lat' dir='ltr'>hoe</span> <span class='ocrx_word' id='word_1_310' title='bbox 1450 4538 1575 4594; x_wconf 89' lang='lat' dir='ltr'>tempore,</span> <span class='ocrx_word' id='word_1_311' title='bbox 1602 4547 1661 4581; x_wconf 90' lang='lat' dir='ltr'>eum</span> <span class='ocrx_word' id='word_1_312' title='bbox 1687 4533 1740 4581; x_wconf 91' lang='lat' dir='ltr'>dies</span> <span class='ocrx_word' id='word_1_313' title='bbox 1759 4531 1845 4579; x_wconf 82' lang='lat' dir='ltr'>iudicii</span> <span class='ocrx_word' id='word_1_314' title='bbox 1865 4534 1893 4581; x_wconf 87' lang='lat' dir='ltr'>lu</span> 
     </span>
     <span class='ocr_line' id='line_1_41' title="bbox 267 4617 1892 4682; baseline 0.002 -19"><span class='ocrx_word' id='word_1_315' title='bbox 267 4619 378 4676; x_wconf 84' lang='lat' dir='ltr'>proximo</span> <span class='ocrx_word' id='word_1_316' title='bbox 396 4627 448 4682; x_wconf 85' lang='lat' dir='ltr'>eat,</span> <span class='ocrx_word' id='word_1_317' title='bbox 476 4621 631 4682; x_wconf 84' lang='lat' dir='ltr'>paeniteret,</span> <span class='ocrx_word' id='word_1_318' title='bbox 657 4635 702 4680; x_wconf 81' lang='lat' dir='ltr'>ego</span> <span class='ocrx_word' id='word_1_319' title='bbox 726 4622 774 4669; x_wconf 90' lang='lat' dir='ltr'>tibi</span> <span class='ocrx_word' id='word_1_320' title='bbox 798 4634 856 4667; x_wconf 79' lang='lat' dir='ltr'>rere</span> <span class='ocrx_word' id='word_1_321' title='bbox 880 4620 987 4666; x_wconf 80' lang='lat' dir='ltr'>confisus</span> <span class='ocrx_word' id='word_1_322' title='bbox 1010 4620 1036 4666; x_wconf 90' lang='lat' dir='ltr'>in</span> <span class='ocrx_word' id='word_1_323' title='bbox 1061 4618 1159 4665; x_wconf 89' lang='lat' dir='ltr'>domiuo</span> <span class='ocrx_word' id='word_1_324' title='bbox 1180 4619 1239 4666; x_wconf 89' lang='lat' dir='ltr'>lesu</span> <span class='ocrx_word' id='word_1_325' title='bbox 1258 4618 1356 4666; x_wconf 83' lang='lat' dir='ltr'>Christo</span> <span class='ocrx_word' id='word_1_326' title='bbox 1380 4619 1573 4666; x_wconf 83' lang='lat' dir='ltr'>misericordiam</span> <span class='ocrx_word' id='word_1_327' title='bbox 1597 4617 1746 4681; x_wconf 81' lang='lat' dir='ltr'>politeersr‘.</span> <span class='ocrx_word' id='word_1_328' title='bbox 1784 4631 1892 4679; x_wconf 87' lang='lat' dir='ltr'>uquam</span> 
     </span>
     <span class='ocr_line' id='line_1_42' title="bbox 269 4705 1794 4770; baseline 0.002 -19"><span class='ocrx_word' id='word_1_329' title='bbox 269 4710 354 4753; x_wconf 72' lang='lat' dir='ltr'>rauna</span> <span class='ocrx_word' id='word_1_330' title='bbox 372 4708 403 4755; x_wconf 88' lang='lat' dir='ltr'>de</span> <span class='ocrx_word' id='word_1_331' title='bbox 421 4708 514 4755; x_wconf 87' lang='lat' dir='ltr'>donrinl</span> <span class='ocrx_word' id='word_1_332' title='bbox 533 4709 627 4769; x_wconf 84' lang='lat' dir='ltr'>pietate</span> <span class='ocrx_word' id='word_1_333' title='bbox 646 4709 823 4770; x_wconf 88' lang='lat' dir='ltr'>praesumptio,</span> <span class='ocrx_word' id='word_1_334' title='bbox 844 4708 871 4755; x_wconf 92' lang='lat' dir='ltr'>in</span> <span class='ocrx_word' id='word_1_335' title='bbox 890 4720 940 4767; x_wconf 90' lang='lat' dir='ltr'>qua</span> <span class='ocrx_word' id='word_1_336' title='bbox 958 4706 1007 4753; x_wconf 87' lang='lat' dir='ltr'>etsi</span> <span class='ocrx_word' id='word_1_337' title='bbox 1026 4705 1197 4752; x_wconf 84' lang='lat' dir='ltr'>arroteritatem</span> <span class='ocrx_word' id='word_1_338' title='bbox 1216 4711 1341 4766; x_wconf 84' lang='lat' dir='ltr'>praestare</span> <span class='ocrx_word' id='word_1_339' title='bbox 1361 4718 1410 4752; x_wconf 90' lang='lat' dir='ltr'>non</span> <span class='ocrx_word' id='word_1_340' title='bbox 1429 4708 1521 4766; x_wconf 87' lang='lat' dir='ltr'>potuit,</span> <span class='ocrx_word' id='word_1_341' title='bbox 1542 4706 1794 4754; x_wconf 86' lang='lat' dir='ltr'>ostendltaileetum.</span> 
     </span>
    </p>
   </div>
   <div class='ocr_carea' id='block_1_5' title="bbox 265 5030 1895 5792">
    <p class='ocr_par' dir='ltr' id='par_1_11' title="bbox 265 5030 1895 5792">
     <span class='ocr_line' id='line_1_43' title="bbox 338 5030 1857 5098; baseline -0.001 -15"><span class='ocrx_word' id='word_1_342' title='bbox 338 5033 385 5083; x_wconf 82' lang='grc'>173</span> <span class='ocrx_word' id='word_1_343' title='bbox 403 5049 468 5098; x_wconf 84' lang='lat' dir='ltr'>quae</span> <span class='ocrx_word' id='word_1_344' title='bbox 488 5031 541 5080; x_wconf 85' lang='lat' dir='ltr'>PL¹</span> <span class='ocrx_word' id='word_1_345' title='bbox 648 5031 696 5080; x_wconf 81' lang='grc'>174</span> <span class='ocrx_word' id='word_1_346' title='bbox 714 5037 826 5080; x_wconf 85' lang='lat' dir='ltr'>sanetum</span> <span class='ocrx_word' id='word_1_347' title='bbox 845 5030 878 5098; x_wconf 90' lang='lat' dir='ltr'>L]</span> <span class='ocrx_word' id='word_1_348' title='bbox 896 5039 980 5080; x_wconf 77' lang='lat' dir='ltr'>saneto</span> <span class='ocrx_word' id='word_1_349' title='bbox 1001 5030 1102 5092; x_wconf 79' lang='lat' dir='ltr'><strong><em>NBMS,</em></strong></span> <span class='ocrx_word' id='word_1_350' title='bbox 1123 5039 1221 5082; x_wconf 77' lang='lat' dir='ltr'>sanctos</span> <span class='ocrx_word' id='word_1_351' title='bbox 1240 5033 1262 5078; x_wconf 92' lang='lat' dir='ltr'><em>P</em></span> <span class='ocrx_word' id='word_1_352' title='bbox 1367 5031 1414 5079; x_wconf 89' lang='grc'>175</span> <span class='ocrx_word' id='word_1_353' title='bbox 1433 5033 1576 5080; x_wconf 81' lang='lat' dir='ltr'>initiatoris</span> <span class='ocrx_word' id='word_1_354' title='bbox 1596 5031 1630 5091; x_wconf 80' lang='grc' dir='ltr'>Μ,</span> <span class='ocrx_word' id='word_1_355' title='bbox 1651 5030 1795 5080; x_wconf 85' lang='lat' dir='ltr'>intleiatorls</span> <span class='ocrx_word' id='word_1_356' title='bbox 1814 5031 1857 5081; x_wconf 78' lang='grc'>88</span> 
     </span>
     <span class='ocr_line' id='line_1_44' title="bbox 268 5115 1889 5180; baseline 0.001 -16"><span class='ocrx_word' id='word_1_357' title='bbox 268 5118 404 5169; x_wconf 83' lang='lat' dir='ltr'>rrrlrrldante</span> <span class='ocrx_word' id='word_1_358' title='bbox 418 5119 475 5179; x_wconf 74' lang='lat' dir='ltr'>Nil,</span> <span class='ocrx_word' id='word_1_359' title='bbox 498 5119 620 5166; x_wconf 80' lang='lat' dir='ltr'>uriulsute</span> <span class='ocrx_word' id='word_1_360' title='bbox 633 5115 671 5163; x_wconf 75' lang='lat'>1²2</span> <span class='ocrx_word' id='word_1_361' title='bbox 777 5117 822 5166; x_wconf 91' lang='grc'>177</span> <span class='ocrx_word' id='word_1_362' title='bbox 842 5118 1051 5180; x_wconf 88' lang='lat' dir='ltr'>obpositisqueN</span> <span class='ocrx_word' id='word_1_363' title='bbox 1155 5118 1204 5167; x_wconf 86' lang='grc'>178</span> <span class='ocrx_word' id='word_1_364' title='bbox 1223 5118 1343 5166; x_wconf 80' lang='lat' dir='ltr'>mundata</span> <span class='ocrx_word' id='word_1_365' title='bbox 1359 5117 1387 5163; x_wconf 80' lang='lat' dir='ltr'>P¹</span> <span class='ocrx_word' id='word_1_366' title='bbox 1494 5118 1624 5166; x_wconf 84' lang='lat' dir='ltr'>eeuataN</span> <span class='ocrx_word' id='word_1_367' title='bbox 1729 5118 1776 5167; x_wconf 88' lang='grc'>179</span> <span class='ocrx_word' id='word_1_368' title='bbox 1795 5131 1846 5165; x_wconf 83' lang='lat' dir='ltr'>vm</span> <span class='ocrx_word' id='word_1_369' title='bbox 1859 5118 1889 5180; x_wconf 86' lang='lat' dir='ltr'>P,</span> 
     </span>
     <span class='ocr_line' id='line_1_45' title="bbox 269 5202 1894 5267; baseline 0.002 -20"><span class='ocrx_word' id='word_1_370' title='bbox 269 5216 305 5251; x_wconf 74' lang='grc' dir='ltr'>ιιι</span> <span class='ocrx_word' id='word_1_371' title='bbox 327 5205 379 5253; x_wconf 80' lang='grc' dir='ltr'>ΝΜ</span> <span class='ocrx_word' id='word_1_372' title='bbox 482 5216 665 5251; x_wconf 75' lang='lat' dir='ltr'>sassoanarro</span> <span class='ocrx_word' id='word_1_373' title='bbox 684 5217 792 5252; x_wconf 78' lang='lat' dir='ltr'>rnanonr</span> <span class='ocrx_word' id='word_1_374' title='bbox 812 5203 836 5251; x_wconf 88' lang='lat' dir='ltr'><strong><em>N</em></strong></span> <span class='ocrx_word' id='word_1_375' title='bbox 940 5204 988 5253; x_wconf 83' lang='grc'>182</span> <span class='ocrx_word' id='word_1_376' title='bbox 1007 5205 1141 5253; x_wconf 80' lang='lat' dir='ltr'>monachus</span> <span class='ocrx_word' id='word_1_377' title='bbox 1161 5204 1195 5265; x_wconf 86' lang='grc' dir='ltr'>Μ,</span> <span class='ocrx_word' id='word_1_378' title='bbox 1217 5205 1387 5252; x_wconf 71' lang='lat' dir='ltr'>mosenuelnrs</span> <span class='ocrx_word' id='word_1_379' title='bbox 1408 5205 1479 5267; x_wconf 69' lang='lat' dir='ltr'>(mar.</span> <span class='ocrx_word' id='word_1_380' title='bbox 1494 5205 1533 5266; x_wconf 81' lang='lat' dir='ltr'>obl</span> <span class='ocrx_word' id='word_1_381' title='bbox 1556 5205 1579 5253; x_wconf 94' lang='lat' dir='ltr'><strong><em>N</em></strong></span> <span class='ocrx_word' id='word_1_382' title='bbox 1681 5218 1784 5267; x_wconf 88' lang='lat' dir='ltr'>pressus</span> <span class='ocrx_word' id='word_1_383' title='bbox 1802 5202 1894 5252; x_wconf 65' lang='lat' dir='ltr'>Num</span> 
     </span>
     <span class='ocr_line' id='line_1_46' title="bbox 269 5287 1892 5356; baseline -0.001 -17"><span class='ocrx_word' id='word_1_384' title='bbox 269 5289 316 5341; x_wconf 75' lang='grc'>181</span> <span class='ocrx_word' id='word_1_385' title='bbox 336 5294 392 5341; x_wconf 84' lang='lat' dir='ltr'>mall</span> <span class='ocrx_word' id='word_1_386' title='bbox 414 5292 577 5340; x_wconf 79' lang='lat' dir='ltr'>Mornmunas</span> <span class='ocrx_word' id='word_1_387' title='bbox 683 5289 731 5340; x_wconf 86' lang='grc'>185</span> <span class='ocrx_word' id='word_1_388' title='bbox 751 5305 797 5339; x_wconf 92' lang='lat' dir='ltr'>neo</span> <span class='ocrx_word' id='word_1_389' title='bbox 816 5289 855 5352; x_wconf 80' lang='lat'>1’1,</span> <span class='ocrx_word' id='word_1_390' title='bbox 876 5305 921 5339; x_wconf 84' lang='lat' dir='ltr'>seu</span> <span class='ocrx_word' id='word_1_391' title='bbox 942 5290 968 5336; x_wconf 86' lang='lat' dir='ltr'><em>M</em></span> <span class='ocrx_word' id='word_1_392' title='bbox 1070 5287 1219 5356; x_wconf 67' lang='lat' dir='ltr'>focerunt]</span> <span class='ocrx_word' id='word_1_393' title='bbox 1240 5291 1342 5338; x_wconf 84' lang='lat' dir='ltr'>fuscent</span> <span class='ocrx_word' id='word_1_394' title='bbox 1356 5288 1397 5351; x_wconf 60' lang='lat'>12²,</span> <span class='ocrx_word' id='word_1_395' title='bbox 1419 5293 1508 5349; x_wconf 77' lang='lat' dir='ltr'>fugent</span> <span class='ocrx_word' id='word_1_396' title='bbox 1524 5292 1578 5340; x_wconf 80' lang='lat' dir='ltr'>rell.</span> <span class='ocrx_word' id='word_1_397' title='bbox 1688 5289 1736 5339; x_wconf 80' lang='grc'>188</span> <span class='ocrx_word' id='word_1_398' title='bbox 1754 5291 1892 5352; x_wconf 87' lang='lat' dir='ltr'>polluerint</span> 
     </span>
     <span class='ocr_line' id='line_1_47' title="bbox 267 5372 1895 5445; baseline -0.001 -20"><span class='ocrx_word' id='word_1_399' title='bbox 267 5374 563 5445; x_wconf 63' lang='lat' dir='ltr'>supportationem,</span> <span class='ocrx_word' id='word_1_400' title='bbox 670 5376 717 5426; x_wconf 80' lang='grc'>187</span> <span class='ocrx_word' id='word_1_401' title='bbox 736 5378 882 5425; x_wconf 77' lang='lat' dir='ltr'>babtismate</span> <span class='ocrx_word' id='word_1_402' title='bbox 901 5376 965 5424; x_wconf 83' lang='lat' dir='ltr'>PNS</span> <span class='ocrx_word' id='word_1_403' title='bbox 1069 5377 1117 5425; x_wconf 83' lang='grc'>188</span> <span class='ocrx_word' id='word_1_404' title='bbox 1136 5377 1210 5425; x_wconf 88' lang='lat' dir='ltr'>neP</span> <span class='ocrx_word' id='word_1_405' title='bbox 1316 5376 1363 5426; x_wconf 91' lang='grc'>189</span> <span class='ocrx_word' id='word_1_406' title='bbox 1382 5374 1428 5443; x_wconf 82' lang='lat' dir='ltr'>eit]</span> <span class='ocrx_word' id='word_1_407' title='bbox 1445 5384 1484 5425; x_wconf 88' lang='lat' dir='ltr'>est</span> <span class='ocrx_word' id='word_1_408' title='bbox 1501 5377 1572 5427; x_wconf 82' lang='lat' dir='ltr'>codd.</span> <span class='ocrx_word' id='word_1_409' title='bbox 1682 5376 1726 5425; x_wconf 90' lang='grc'>191</span> <span class='ocrx_word' id='word_1_410' title='bbox 1747 5372 1895 5425; x_wconf 73' lang='lat' dir='ltr'>redeant?</span> 
     </span>
     <span class='ocr_line' id='line_1_48' title="bbox 269 5459 1894 5528; baseline -0.002 -14"><span class='ocrx_word' id='word_1_411' title='bbox 269 5463 388 5516; x_wconf 76' lang='lat' dir='ltr'>iturum</span> <span class='ocrx_word' id='word_1_412' title='bbox 409 5466 480 5515; x_wconf 76' lang='lat' dir='ltr'>Nus</span> <span class='ocrx_word' id='word_1_413' title='bbox 620 5462 668 5511; x_wconf 79' lang='grc'>194</span> <span class='ocrx_word' id='word_1_414' title='bbox 687 5465 734 5512; x_wconf 84' lang='lat' dir='ltr'>tibi</span> <span class='ocrx_word' id='word_1_415' title='bbox 752 5464 797 5512; x_wconf 90' lang='lat' dir='ltr'>tibi</span> <span class='ocrx_word' id='word_1_416' title='bbox 816 5465 890 5512; x_wconf 82' lang='lat' dir='ltr'>noxis</span> <span class='ocrx_word' id='word_1_417' title='bbox 908 5470 933 5511; x_wconf 85' lang='lat' dir='ltr'>te</span> <span class='ocrx_word' id='word_1_418' title='bbox 953 5459 1020 5528; x_wconf 63' lang='lat' dir='ltr'>Ntt]</span> <span class='ocrx_word' id='word_1_419' title='bbox 1046 5465 1092 5512; x_wconf 88' lang='lat' dir='ltr'>tibi</span> <span class='ocrx_word' id='word_1_420' title='bbox 1111 5465 1155 5512; x_wconf 88' lang='lat' dir='ltr'>tibi</span> <span class='ocrx_word' id='word_1_421' title='bbox 1176 5466 1265 5512; x_wconf 82' lang='lat' dir='ltr'>noxiae</span> <span class='ocrx_word' id='word_1_422' title='bbox 1284 5464 1313 5526; x_wconf 87' lang='lat' dir='ltr'>P,</span> <span class='ocrx_word' id='word_1_423' title='bbox 1335 5464 1381 5513; x_wconf 81' lang='lat' dir='ltr'>tibi</span> <span class='ocrx_word' id='word_1_424' title='bbox 1400 5465 1475 5511; x_wconf 78' lang='lat' dir='ltr'>noxie</span> <span class='ocrx_word' id='word_1_425' title='bbox 1494 5469 1518 5511; x_wconf 88' lang='lat' dir='ltr'>te</span> <span class='ocrx_word' id='word_1_426' title='bbox 1538 5463 1622 5526; x_wconf 76' lang='lat' dir='ltr'>NL&#39;S,</span> <span class='ocrx_word' id='word_1_427' title='bbox 1644 5464 1691 5512; x_wconf 84' lang='lat' dir='ltr'>tibi</span> <span class='ocrx_word' id='word_1_428' title='bbox 1711 5466 1801 5512; x_wconf 83' lang='lat' dir='ltr'>noxiae</span> <span class='ocrx_word' id='word_1_429' title='bbox 1819 5469 1845 5512; x_wconf 86' lang='lat' dir='ltr'>te</span> <span class='ocrx_word' id='word_1_430' title='bbox 1864 5462 1894 5510; x_wconf 81' lang='grc' dir='ltr'><em>Μ</em></span> 
     </span>
     <span class='ocr_line' id='line_1_49' title="bbox 268 5545 1893 5616; baseline -0.002 -16"><span class='ocrx_word' id='word_1_431' title='bbox 268 5550 316 5600; x_wconf 79' lang='lat' dir='ltr'>itt</span> <span class='ocrx_word' id='word_1_432' title='bbox 334 5560 468 5615; x_wconf 86' lang='lat' dir='ltr'>poeuetsas</span> <span class='ocrx_word' id='word_1_433' title='bbox 488 5551 512 5598; x_wconf 92' lang='lat' dir='ltr'><strong><em>N</em></strong></span> <span class='ocrx_word' id='word_1_434' title='bbox 616 5550 694 5597; x_wconf 87' lang='lat' dir='ltr'>uelles</span> <span class='ocrx_word' id='word_1_435' title='bbox 712 5545 770 5614; x_wconf 86' lang='lat' dir='ltr'>BL]</span> <span class='ocrx_word' id='word_1_436' title='bbox 788 5549 861 5596; x_wconf 89' lang='lat' dir='ltr'>uellis</span> <span class='ocrx_word' id='word_1_437' title='bbox 880 5549 960 5610; x_wconf 86' lang='lat' dir='ltr'>PNM,</span> <span class='ocrx_word' id='word_1_438' title='bbox 987 5551 1051 5597; x_wconf 87' lang='lat' dir='ltr'>uelis</span> <span class='ocrx_word' id='word_1_439' title='bbox 1069 5551 1088 5597; x_wconf 85' lang='lat' dir='ltr'><strong><em>S</em></strong></span> <span class='ocrx_word' id='word_1_440' title='bbox 1202 5549 1251 5598; x_wconf 79' lang='grc'><strong>1911</strong></span> <span class='ocrx_word' id='word_1_441' title='bbox 1270 5551 1378 5597; x_wconf 75' lang='lat' dir='ltr'>olsmlna</span> <span class='ocrx_word' id='word_1_442' title='bbox 1397 5549 1487 5597; x_wconf 87' lang='lat' dir='ltr'>nollem</span> <span class='ocrx_word' id='word_1_443' title='bbox 1508 5548 1530 5594; x_wconf 89' lang='lat' dir='ltr'><em>P</em></span> <span class='ocrx_word' id='word_1_444' title='bbox 1633 5548 1680 5597; x_wconf 92' lang='grc'>197</span> <span class='ocrx_word' id='word_1_445' title='bbox 1700 5550 1826 5598; x_wconf 88' lang='lat' dir='ltr'>seruirent</span> <span class='ocrx_word' id='word_1_446' title='bbox 1846 5547 1893 5616; x_wconf 80' lang='lat' dir='ltr'>L²]</span> 
     </span>
     <span class='ocr_line' id='line_1_50' title="bbox 265 5634 1857 5698; baseline -0.001 -13"><span class='ocrx_word' id='word_1_447' title='bbox 265 5641 392 5688; x_wconf 82' lang='lat' dir='ltr'>saeuirerrt</span> <span class='ocrx_word' id='word_1_448' title='bbox 404 5641 457 5690; x_wconf 83' lang='lat' dir='ltr'>rell.</span> <span class='ocrx_word' id='word_1_449' title='bbox 567 5636 614 5684; x_wconf 79' lang='grc'>198</span> <span class='ocrx_word' id='word_1_450' title='bbox 633 5637 762 5684; x_wconf 85' lang='lat' dir='ltr'>damnatos</span> <span class='ocrx_word' id='word_1_451' title='bbox 782 5634 810 5681; x_wconf 78' lang='grc' dir='ltr'>Ρ1</span> <span class='ocrx_word' id='word_1_452' title='bbox 914 5637 1004 5683; x_wconf 89' lang='lat' dir='ltr'>ultime</span> <span class='ocrx_word' id='word_1_453' title='bbox 1023 5639 1040 5684; x_wconf 85' lang='lat' dir='ltr'>i.</span> <span class='ocrx_word' id='word_1_454' title='bbox 1061 5652 1081 5684; x_wconf 84' lang='lat' dir='ltr'>e.</span> <span class='ocrx_word' id='word_1_455' title='bbox 1102 5637 1202 5684; x_wconf 85' lang='lat' dir='ltr'>tandem</span> <span class='ocrx_word' id='word_1_456' title='bbox 1310 5635 1358 5684; x_wconf 91' lang='grc'>199</span> <span class='ocrx_word' id='word_1_457' title='bbox 1377 5639 1472 5697; x_wconf 85' lang='lat' dir='ltr'>pietate</span> <span class='ocrx_word' id='word_1_458' title='bbox 1487 5640 1584 5696; x_wconf 78' lang='lat' dir='ltr'>praeter</span> <span class='ocrx_word' id='word_1_459' title='bbox 1602 5637 1627 5698; x_wconf 89' lang='lat' dir='ltr'>pi</span> <span class='ocrx_word' id='word_1_460' title='bbox 1646 5639 1662 5684; x_wconf 81' lang='grc' dir='ltr'>ι’.</span> <span class='ocrx_word' id='word_1_461' title='bbox 1678 5651 1727 5684; x_wconf 81' lang='lat' dir='ltr'>ras.</span> <span class='ocrx_word' id='word_1_462' title='bbox 1749 5640 1809 5684; x_wconf 83' lang='lat' dir='ltr'>lm.</span> <span class='ocrx_word' id='word_1_463' title='bbox 1832 5635 1857 5683; x_wconf 87' lang='lat' dir='ltr'><strong><em>N</em></strong></span> 
     </span>
     <span class='ocr_line' id='line_1_51' title="bbox 266 5720 981 5792; baseline -0.003 -20"><span class='ocrx_word' id='word_1_464' title='bbox 266 5738 361 5785; x_wconf 72' lang='lat' dir='ltr'>proaem</span> <span class='ocrx_word' id='word_1_465' title='bbox 381 5724 425 5792; x_wconf 61' lang='lat'>11²]</span> <span class='ocrx_word' id='word_1_466' title='bbox 443 5725 535 5787; x_wconf 88' lang='lat' dir='ltr'>possim</span> <span class='ocrx_word' id='word_1_467' title='bbox 553 5724 607 5770; x_wconf 80' lang='lat' dir='ltr'>reti.</span> <span class='ocrx_word' id='word_1_468' title='bbox 648 5778 652 5785; x_wconf 31' lang='grc' dir='ltr'>Ι</span> <span class='ocrx_word' id='word_1_469' title='bbox 715 5721 760 5771; x_wconf 77' lang='grc'>191</span> <span class='ocrx_word' id='word_1_470' title='bbox 782 5720 841 5781; x_wconf 81' lang='lat' dir='ltr'>sort.</span> <span class='ocrx_word' id='word_1_471' title='bbox 862 5723 981 5770; x_wconf 79' lang='lat' dir='ltr'>scelerate</span> 
     </span>
    </p>
   </div>
   <div class='ocr_carea' id='block_1_6' title="bbox 0 0 2192 6184">
    <p class='ocr_par' dir='ltr' id='par_1_12' title="bbox 0 0 2192 6184">
     <span class='ocr_line' id='line_1_52' title="bbox 0 0 2192 6184; baseline 0 0"><span class='ocrx_word' id='word_1_472' title='bbox 0 0 2192 6184; x_wconf 95' lang='lat' dir='ltr'> </span> 
     </span>
    </p>
   </div>
  </div>
 </body>
</html>
