4374 6186
783 1739 932 1849 VITA
969 1741 1011 1850 d.
1049 1741 1322 1852 nutriri

808 2032 978 2132 Epistula
1008 2035 1054 2109 ad
1080 2032 1295 2132 Gregorium

327 2261 468 2325 Donrno
492 2278 621 2324 siluero
644 2278 756 2337 nrovn
780 2276 989 2324 arrosucnrco
1011 2275 1158 2323 1²11ss1o10
1181 2277 1217 2322 m
1241 2259 1390 2325 (inlusae
1412 2278 1456 2323 nr
1478 2277 1659 2324 Pncvnmsr
1680 2262 1862 2326 (inscenso

243 2383 349 2428 aaran
371 2365 611 2428 Forrrvna'rvs.
657 2361 753 2446 Apud
783 2361 913 2445 pictatis
943 2360 1083 2425 animum
1112 2361 1197 2442 quod
1227 2382 1322 2445 opere
1348 2363 1454 2428 minus
1475 2363 1662 2429 inscribitur
1684 2363 1863 2429 dilectionis

240 2466 357 2531 intuitu
381 2466 542 2531 dilatatur.
591 2486 665 2529 nam
689 2461 911 2550 ἐπιχειρήματα
935 2464 1082 2549 ἐλλείψεις
1106 2465 1267 2550 διαιρέσεις
1289 2467 1484 2551 παρενῦέαεις
1513 2475 1545 2532 et
1568 2466 1690 2548 reliqna
1713 2467 1864 2532 credoni-

242 2571 300 2634 bus
329 2570 491 2635 dialectici
519 2577 551 2634 et
578 2569 665 2653 apud
695 2587 774 2651 qnos
806 2578 931 2633 ceterae
961 2574 1046 2632 artes
1074 2567 1238 2653 perplexis
1268 2567 1381 2634 florent
1409 2569 1548 2650 artibus,
1582 2576 1766 2652 satagentes
1795 2571 1863 2634 suis

209 2674 393 2737 aarffectare
428 2673 637 2757 syrmatibus,
680 2671 765 2737 soliti
799 2678 874 2736 sunt
910 2670 1047 2736 adsuere
1084 2672 1136 2735 vel
1174 2671 1331 2755 proferre:
1374 2671 1448 2736 date
1485 2671 1614 2756 pietatis
1652 2680 1684 2738 et
1721 2672 1863 2738 caritatis

241 2775 346 2839 animo
370 2776 514 2856 veniam,
548 2775 727 2859 postposita
754 2794 810 2858 pro
840 2781 930 2857 parte
959 2774 1071 2839 tetrica
1098 2774 1192 2858 periti
1221 2793 1369 2840 censura:
1404 2775 1480 2856 quia
1505 2775 1660 2859 quidquid
1682 2776 1715 2839 in
1738 2774 1788 2838 bis
1811 2775 1862 2839 vel

241 2878 372 2962 stropha
404 2886 545 2943 veterum
580 2878 632 2942 vel
665 2876 881 2961 praesentium
916 2877 1079 2961 sophisma
1112 2877 1298 2961 plerumque
1331 2877 1478 2958 disertat,
1516 2884 1616 2943 totum
1639 2878 1754 2943 novisti
1777 2877 1863 2960 quod

242 2981 347 3045 minus
370 2982 532 3060 novinrus3
567 3000 759 3064 quamquam
782 2980 815 3044 in
837 2999 934 3063 opere
957 2979 1126 3059 messium,
1153 2980 1188 3044 id
1210 2980 1313 3044 estin
1335 2980 1407 3065 ipsa
1429 3000 1547 3059 messe,
1575 2989 1610 3048 ut
1631 3001 1784 3066 praesens
1807 3002 1865 3046 ex·

242 3085 363 3168 plicare
392 3084 525 3168 portitor
552 3084 683 3169 poterit,
718 3103 777 3148 nec
807 3082 959 3166 expedire
988 3082 1081 3147 licuit
1106 3102 1165 3147 nec
1186 3088 1342 3166 temptare
1365 3084 1503 3166 singula.
1599 3086 1638 3167 (2)
1666 3084 1866 3169 Quapropter

196 3211 224 3251 ro
244 3195 374 3253 sanetae
406 3207 539 3254 coronae
568 3194 663 3270 atque
693 3185 856 3251 dulcedini
884 3191 1010 3250 vestrae
1040 3205 1091 3250 me
1120 3185 1327 3270 peculiariter
1352 3193 1384 3251 et
1404 3186 1562 3253 instanter
1583 3187 1810 3253 commendans
1832 3194 1864 3253 et

245 3297 279 3355 ut
306 3310 362 3374 pro
392 3291 505 3355 humili
534 3297 587 3355 tuo
617 3288 735 3371 iugiter
757 3309 846 3353 crare
870 3288 1014 3370 digneris
1037 3295 1211 3373 expectans
1234 3308 1388 3373 suggero:
1423 3310 1494 3355 eum
1516 3290 1676 3356 iusseritis
1699 3297 1749 3370 ut,
1783 3309 1864 3375 opus

244 3393 325 3458 illud
348 3393 473 3458 Christo
503 3400 688 3478 praestante
715 3391 999 3457 intercessionibus
1029 3390 1136 3456 domni
1159 3392 1303 3473 Martini,
1336 3394 1421 3475 quod
1449 3392 1489 3458 de
1518 3393 1584 3458 suis
1612 3392 1781 3458 virtutibus
1807 3414 1864 3458 ex-

246 3497 403 3580 plicrristis
433 3496 579 3561 versibus
609 3496 726 3560 ‹lebeat
756 3494 877 3576 digeri,
910 3492 943 3557 id
969 3494 1056 3577 agite
1080 3501 1114 3559 ut
1136 3495 1213 3558 mibi
1236 3497 1342 3579 ipsum
1365 3496 1500 3561 relatum
1524 3496 1662 3562 iubentis
1683 3496 1866 3561 transmitti.

253 3604 290 3681 rit)
319 3600 402 3663 Nam
432 3600 553 3683 pietate
583 3598 703 3663 domini
733 3596 926 3661 eoncedente
954 3597 1038 3678 quod
1067 3597 1108 3662 de
1136 3597 1203 3662 vita
1224 3597 1294 3662 eius
1318 3598 1366 3662 vir
1387 3597 1526 3665 disertus
1550 3599 1684 3664 domnus
1707 3598 1869 3683 Sulpicius

215 3703 306 3767 asub
331 3723 393 3766 uno
415 3702 524 3767 libello
547 3721 642 3784 prrea
664 3699 835 3784 descripsit
857 3707 889 3763 ct
912 3699 1067 3781 reliquum
1090 3699 1176 3782 quod
1198 3698 1319 3783 dialogi
1342 3721 1428 3765 more
1452 3700 1619 3777 subnectit,
1647 3701 1781 3785 primum
1797 3700 1869 3782 qui-

249 3805 320 3869 dem
344 3824 425 3889 (rpus
448 3827 469 3869 a
491 3825 541 3868 me
565 3804 689 3868 duobus
712 3803 832 3867 libellis
855 3810 888 3867 et
910 3802 1058 3885 dialogus
1081 3804 1280 3885 subsequens
1302 3803 1375 3868 aliis
1398 3803 1522 3869 duobus
1544 3804 1664 3868 libellis
1695 3804 1870 3887 conplexus

248 3916 314 3988 est,
348 3909 394 3972 ita
424 3916 459 3973 ut
488 3907 674 3972 brevissime
704 3907 794 3971 iuxta
823 3906 987 3971 modulum
1018 3906 1215 3990 paupertatis
1245 3913 1371 3971 nostrae
1399 3906 1433 3970 in
1459 3913 1606 3988 qrrattnor
1628 3907 1748 3972 libellis
1770 3912 1869 3971 totum

247 4010 328 4075 illud
343 4030 423 4094 opus
439 4031 534 4075 versu
550 4010 584 4073 in
600 4010 660 4075 boe
675 4017 723 4073 ter
738 4008 904 4073 bimenstri
921 4008 1023 4091 spatio
1039 4009 1147 4073 audax
1163 4009 1268 4091 magis
1283 4029 1379 4091 quam
1396 4010 1523 4091 loquax,
1539 4029 1599 4075 nee
1610 4009 1737 4092 efficax,
1753 4009 1868 4074 cursim

248 4114 379 4198 inpolite
401 4114 485 4179 inter
506 4112 640 4178 frivolas
663 4112 887 4197 occupationes
910 4112 1079 4178 sulcarem.
1176 4114 1214 4194 (1)
1246 4113 1356 4195 [Quos]
1382 4112 1511 4177 domino
1533 4133 1604 4179 meo
1627 4120 1659 4178 et
1681 4113 1734 4198 pio
1756 4112 1870 4178 domno

320 4395 375 4440 lece
393 4395 499 4454 epistula
518 4395 606 4451 iegitur
624 4395 650 4438 in
662 4406 712 4439 ano
725 4391 807 4438 cortice
826 4391 943 4438 Vaticano
955 4389 1071 4437 Palatino
1084 4393 1133 4439 ete
1147 4406 1167 4438 s.
1185 4391 1220 4436 lrl'
1231 4390 1252 4450 s.
1268 4395 1280 4438 1
1285 4388 1331 4440 131
1339 4407 1373 4452 sq.
1392 4390 1425 4452 (N
1431 4393 1437 4450 l
1453 4394 1494 4452 qai
1506 4393 1579 4439 etiem
1592 4391 1684 4440 Laelio
1694 4398 1791 4453 pressio
1804 4397 1870 4450 eret,-

249 4483 354 4543 sottcsse
371 4495 399 4528 ea
417 4479 496 4528 codiee
517 4479 657 4527 Trevercnri
676 4479 804 4525 Broweraa
822 4477 899 4527 edidit
921 4478 1000 4537 (Bra),
1027 4491 1075 4523 om.
1096 4475 1151 4525 edd.
1171 4477 1227 4524 Vm.
1249 4483 1271 4526 et
1290 4476 1346 4527 Par.
1492 4477 1500 4525 l
1527 4491 1603 4525 rrum
1620 4492 1683 4526 orsa
1700 4492 1810 4527 rsrrnrrr
1833 4480 1871 4538 (de

249 4567 385 4626 orantibus)
408 4578 557 4613 semensas.
585 4566 683 4612 dorrrirro
701 4565 790 4612 etc.N
888 4565 968 4625 adque
984 4564 1007 4610 N
1109 4562 1291 4611 2irrscribitur
1310 4566 1351 4612 Rs.
1367 4566 1409 4612 oie
1421 4560 1495 4628 recte]
1513 4565 1664 4612 iniercbitnr
1677 4566 1700 4612 N
1796 4567 1812 4613 :i
1831 4569 1872 4613 in·

250 4657 329 4705 suitur
348 4654 371 4699 N
499 4666 556 4699 nam
574 4644 933 4702 eneeriltt'l'debLecle
954 4643 1113 4700 ΔΙΘΡΘΟΙΟ
1134 4643 1355 4701 [ΙΛΡΘΝΘΘΟΙΟ
1381 4647 1577 4720 (ἐπιχειρηματα
1601 4647 1667 4709 ists<
1695 4652 1779 4712 (ocimi
1796 4649 1870 4714 λεξις)

250 4739 371 4807 diasprum
390 4752 532 4805 παραινεσις
552 4737 604 4784 Br.¹
712 4739 833 4797 reliquam
853 4736 876 4782 Ν
935 4731 939 4740 “
989 4750 1012 4786 ο.
1033 4737 1056 4783 d.
1077 4733 1115 4801 s]
1133 4739 1288 4784 oratsoribus
1310 4737 1381 4794 (aas.
1402 4739 1420 4796 i)
1441 4737 1578 4784 dialecticis
1596 4743 1623 4784 et
1643 4737 1672 4796 N,
1692 4740 1829 4786 oratoribus
1847 4744 1874 4786 st

249 4828 385 4875 dialecticis
404 4826 580 4886 permittantur
599 4823 642 4871 lis.
748 4823 762 4870 -1
781 4823 846 4884 quod
867 4823 890 4871 N
992 4824 1097 4881 artibus,
1118 4829 1260 4882 satagentes
1280 4819 1455 4889 Nemausenses]
1475 4823 1570 4870 artibus
1588 4828 1703 4882 satagent
1716 4822 1746 4882 N,
1766 4824 1871 4873 artibus.

250 4916 297 4961 ista
315 4918 428 4972 satagent
447 4910 490 4957 itr.
610 4909 800 4967 bsyrnratybns
821 4909 844 4956 N
946 4905 1026 4973 soliti]
1044 4923 1108 4970 quae
1127 4909 1196 4956 soliti
1215 4909 1260 4957 er.
1366 4909 1471 4957 adsuere
1490 4905 1547 4974 Bru]
1565 4909 1671 4957 sdsnrae
1691 4909 1714 4956 N
1817 4924 1874 4972 pro·

250 5001 315 5047 terre
335 5036 341 5048 .
358 5035 363 5046 .
381 5035 386 5046 .
404 5035 410 5046 .
432 4997 481 5043 Vos
500 4996 556 5042 dato
574 4999 608 5042 sie
627 4995 670 5043 Br.
690 5009 748 5042 carn
765 5011 788 5042 c.
805 4997 821 5042 i.
843 4995 899 5041 data
1029 4993 1045 5042 6
1065 4994 1167 5041 neniam
1185 4991 1243 5059 aa]
1262 4995 1338 5042 uenia
1357 4995 1381 5042 N
1400 4995 1452 5051 llis.
1473 5012 1497 5043 v.
1518 4996 1547 5053 i.)
1671 4995 1774 5042 metrica
1792 4995 1836 5043 Bt.

249 5084 372 5147 periciN
474 5081 584 5130 'istroia
604 5081 627 5128 N
729 5082 848 5128 dissertat
866 5081 909 5128 Br.
1017 5075 1124 5144 nociati]
1143 5080 1255 5128 nobistu
1270 5080 1300 5140 N,
1320 5082 1394 5129 nobis
1412 5087 1439 5128 tu
1458 5081 1596 5142 praestabis
1608 5080 1652 5129 Bt.
1673 5080 1788 5140 (norlstu
1802 5094 1875 5140 prns-

251 5176 294 5219 iuit
314 5170 484 5230 iliormnscaual
594 5164 789 5233 Squamqnam]
809 5181 882 5228 qnam
896 5167 962 5228 quod
976 5167 1006 5227 N,
1028 5165 1150 5226 quodBr.
1256 5167 1401 5228 explaieare
1416 5168 1486 5228 (ms.
1500 5170 1523 5228 a)
1540 5167 1564 5214 N
1665 5165 1841 5228 iiportiturN

250 5265 372 5320 temptare
389 5253 498 5321 singula]
517 5261 614 5305 tentare
632 5255 797 5316 singulares,
820 5259 925 5302 tamtsre
944 5253 1065 5313 singultat
1079 5251 1102 5298 N
1207 5251 1237 5301 io
1255 5250 1343 5320 atque]
1360 5268 1388 5302 sc
1404 5255 1446 5303 Bt.
1567 5253 1594 5303 11
1616 5256 1679 5302 iuss.
1694 5249 1734 5319 ut]
1751 5255 1814 5302 inss.
1829 5267 1875 5300 sn·

252 5351 302 5392 tem
323 5351 350 5392 ut
369 5344 413 5391 nr.
523 5342 553 5391 12
572 5342 718 5403 explicuisti
740 5342 782 5389 Bc.
892 5339 922 5388 13
942 5354 975 5388 m.
997 5337 1029 5405 1,]
1046 5341 1133 5402 ipsum
1151 5338 1215 5387 mihi
1233 5340 1276 5388 Br.
1385 5339 1420 5400 ef.
1442 5340 1512 5402 Grep.
1535 5341 1595 5390 Tar.
1616 5340 1646 5388 de
1662 5342 1748 5388 misae.
1763 5340 1790 5388 S.
1807 5337 1875 5387 Mes-

250 5434 296 5479 tr'ni
312 5428 395 5491 prees.
413 5444 439 5489 p.
456 5432 504 5477 999
524 5435 546 5476 et
566 5429 590 5491 1,
611 5432 669 5488 ip.
689 5432 753 5478 iiiiii
774 5428 803 5475 R.
913 5424 943 5473 rt
962 5423 1096 5492 sulpicius]
1114 5426 1236 5488 sulpitius
1255 5428 1310 5486 aa,
1334 5428 1445 5489 sulpiins
1465 5427 1489 5475 N
1594 5426 1624 5475 15
1642 5439 1731 5489 prosus
1747 5425 1876 5486 discripsit

252 5517 275 5564 N
390 5515 418 5563 li
437 5510 523 5579 iusta]
540 5525 565 5561 et
584 5517 657 5562 iuxta
677 5513 699 5559 N
816 5512 846 5561 18
866 5526 942 5560 uessn
963 5513 986 5560 N
1098 5514 1116 5560 i.
1140 5511 1166 5561 b.
1187 5518 1207 5560 t.
1227 5514 1360 5562 bimenstri
1378 5509 1470 5579 spatie]
1487 5514 1513 5560 in
1532 5514 1578 5560 boe
1595 5519 1633 5561 ter
1649 5513 1799 5561 bimenstres
1817 5524 1876 5570 sps·

251 5606 315 5651 tium
330 5602 359 5659 N,
380 5605 448 5650 inter
466 5601 511 5649 hoe
528 5602 647 5649 bimestre
666 5601 779 5660 spacium
792 5599 835 5647 Bt.
947 5597 977 5647 19
999 5594 1118 5664 inpolita]
1136 5598 1340 5660 etlmpoliteBr.
1446 5599 1562 5647 sulcarim
1575 5599 1620 5649 Bt.
1724 5591 1797 5662 qnos]
1814 5609 1877 5668 qnos

251 5689 348 5737 libellos
367 5688 420 5748 Bra,
441 5700 488 5735 om.
505 5687 528 5735 N
634 5682 745 5752 domino]
762 5686 850 5733 domno
869 5685 911 5732 Br.
