4374 6186
277 397 317 460 88
579 392 775 450 orvsovuh
793 394 986 451 VENANTIO
1005 396 1235 453 FORTVNATO
1253 399 1358 455 MALE
1376 398 1600 457 ATTRIBVTA

276 605 358 666 quae
382 585 426 649 ibi
451 583 594 648 latebant
616 586 724 649 statim
749 586 889 650 clamare
913 594 1086 670 coeperunt
1108 587 1263 653 dicentia:
1291 590 1377 667 Quid
1400 610 1460 655 nos
1483 598 1516 656 et
1537 591 1600 674 hic,
1627 593 1774 675 Mamili,
1807 613 1937 678 perseÎ‡

275 688 406 771 queris?
449 689 486 752 In
518 687 568 753 his
595 689 780 770 regionibus
811 690 921 755 nullus
952 698 1001 754 est
1024 692 1112 756 locus
1137 699 1253 773 quote
1276 694 1414 759 evadere
1438 695 1615 760 valeamus.
1663 697 1748 762 Ilico
1772 717 1935 780 namque

274 790 308 856 in
338 793 510 858 adversum
541 791 634 875 signo
666 800 797 858 sanctae
828 793 932 858 crucis
958 796 1103 878 opposito
1127 795 1298 860 daemonia
1320 804 1452 881 repente
1476 799 1600 864 elevato
1630 820 1753 884 magno
1789 801 1934 884 mugitu

274 916 337 961 non
368 896 438 960 sine
466 896 622 960 immenso
650 895 771 961 foetore
795 896 956 978 fugerunt.
1013 899 1071 978 [30)
1100 898 1159 963 Ille
1183 907 1289 965 autem
1313 901 1453 965 omniurn
1475 901 1631 967 idolorum
1656 904 1847 969 simulacra
1872 924 1935 970 co-

273 999 409 1065 adunari
440 999 604 1084 praecepit
632 1008 664 1066 et
692 1000 822 1081 ignibus
852 1019 1059 1066 concremans
1089 1001 1123 1066 in
1146 1001 1291 1067 favillam
1315 1003 1450 1086 redegit.
1498 1005 1623 1071 Deinde
1645 1007 1820 1072 mundans
1845 1008 1969 1072 dili-s

273 1103 402 1188 gentius
425 1104 529 1168 locum
552 1102 673 1167 ibidem
697 1102 884 1168 honorabile
908 1105 1019 1170 statuit
1040 1105 1280 1186 monasterium,
1308 1106 1393 1190 quod
1416 1107 1460 1172 ad
1482 1108 1617 1190 gloriam
1634 1109 1757 1175 Christi
1785 1117 1824 1176 et
1849 1111 1934 1176 lau-

274 1208 346 1274 dem
369 1227 453 1272 nunc
476 1226 577 1289 usque
601 1206 651 1270 sui
675 1214 844 1291 permanet
867 1207 1070 1272 confessoris.

171 1311 250 1377 VIII
363 1313 424 1394 (31)
452 1310 629 1375 Monachus
659 1310 790 1392 quidam
815 1311 964 1376 Clemens
987 1311 1117 1378 nomine
1140 1333 1197 1396 per
1220 1319 1285 1378 tres
1306 1313 1425 1397 iugiter
1447 1334 1548 1379 annos
1569 1316 1738 1398 quartanis
1762 1315 1931 1383 febribus

272 1416 433 1480 urebatur.
475 1414 644 1480 Atterebat
667 1414 752 1479 enim
776 1413 868 1478 illum
892 1414 1009 1478 nimius
1032 1421 1143 1481 aestus
1167 1435 1238 1480 cum
1262 1416 1381 1500 frigore
1404 1424 1437 1482 et
1458 1425 1528 1483 erat
1549 1418 1578 1483 ei
1601 1418 1712 1484 horror
1729 1418 1813 1502 cibi,
1843 1440 1928 1486 cum

272 1518 407 1600 fatigato
430 1517 520 1582 febre
544 1536 621 1602 prae
644 1517 753 1582 dolore
777 1517 929 1582 deficeret
950 1518 1052 1583 virtus
1074 1519 1244 1584 stomachi.
1297 1524 1357 1603 (32)
1385 1521 1528 1602 Cumque
1552 1521 1609 1586 tali
1625 1521 1737 1586 dolore
1752 1521 1930 1590 deficeret
1953 1545 1984 1584 ro

271 1622 401 1704 iamque
432 1621 472 1687 de
503 1621 667 1705 praesenti
696 1621 763 1685 vita
787 1620 979 1685 omnimodis
1002 1620 1205 1705 desperaret,
1238 1623 1412 1687 amicorum
1437 1624 1558 1688 monitu
1582 1623 1624 1688 ad
1645 1625 1781 1689 beatum
1808 1626 1928 1692 virum
1968 1631 1970 1636 '

273 1744 307 1790 se
337 1724 505 1790 transferri
535 1724 710 1809 praecepit.
759 1723 823 1800 Qui
852 1732 887 1789 ut
918 1725 987 1789 eius
1019 1725 1234 1807 praesentiam
1261 1726 1371 1791 videre
1394 1726 1585 1810 promeruit,
1619 1728 1768 1810 eulogias
1796 1730 1929 1796 salutis

273 1829 335 1894 sibi
360 1828 430 1893 dari
454 1829 495 1893 ab
519 1826 632 1893 eodem
655 1827 794 1893 fideliter
818 1827 1002 1912 postulavit.
1057 1829 1118 1910 [33]
1146 1828 1333 1905 Quasdam
1357 1830 1471 1895 beatus
1502 1829 1652 1894 sacerdos
1682 1831 1926 1900 sanctificatas

271 1932 322 1996 illi
352 1931 392 1996 de
415 1951 502 1996 more
525 1931 722 2016 porrigeret,
759 1932 893 2013 languor
915 1931 970 2013 qui
991 1932 1184 1995 monachum
1208 1931 1328 1997 diutius
1351 1933 1546 2015 fatigaverat
1567 1940 1602 1998 ut
1624 1933 1733 1999 fumus
1755 1937 1922 2017 evanuit,

271 2055 408 2120 moxque
439 2034 525 2100 omni
555 2035 672 2100 virtute
695 2035 863 2099 roboratus
885 2034 1021 2118 propriis
1044 2054 1211 2117 regressus
1234 2043 1284 2101 est
1305 2036 1451 2120 vestigiis
1480 2035 1534 2118 qui
1564 2035 1606 2100 ad
1636 2037 1766 2102 beatum
1805 2039 1926 2105 virum
1951 2059 1983 2099 ss

272 2139 477 2205 adminiculis
501 2146 633 2203 venerat
655 2138 781 2202 alienis.

202 2244 251 2310 IX
286 2292 289 2297 -
365 2245 425 2326 (34)
453 2241 610 2307 Proximis
638 2261 716 2307 saue
747 2241 863 2306 exinde
894 2240 1007 2306 diebus
1037 2241 1111 2305 dum
1142 2242 1357 2325 negotiatores
1387 2243 1470 2308 inter
1499 2242 1696 2308 diversarum
1721 2245 1926 2328 specierum

270 2354 302 2412 et
332 2346 484 2412 mercium
514 2344 627 2428 copias
658 2344 754 2409 scitos
785 2343 949 2427 utriusque
980 2364 1077 2410 sexus
1106 2345 1242 2411 iuvenes
1265 2347 1398 2411 venales
1429 2346 1585 2411 haberent
1612 2355 1645 2412 et
1675 2366 1748 2411 cum
1781 2349 1925 2416 eisdem

269 2451 311 2515 ad
334 2449 509 2535 Hispanias
532 2448 717 2528 tenderent,
745 2455 801 2512 aut
823 2448 1062 2513 necessitudine
1086 2448 1287 2514 commeandi
1311 2456 1367 2514 aut
1389 2448 1550 2514 desiderio
1573 2448 1751 2514 sacerdotis
1776 2450 1925 2518 visendi

270 2575 328 2639 per
350 2554 514 2619 Calonnae
545 2550 711 2636 praedium
741 2551 803 2617 iter
829 2552 980 2634 agebant.
1033 2554 1093 2632 (35)
1123 2552 1404 2617 Praetereuutibus
1427 2559 1535 2617 autem
1559 2572 1653 2617 secus
1675 2551 1795 2617 aedem
1821 2555 1924 2623 beati
1947 2576 1980 2617 ro

269 2657 478 2739 confessoris,
512 2675 595 2720 unus
626 2674 733 2719 eorum
765 2654 819 2735 qui
843 2654 1005 2719 vendendi
1028 2654 1228 2720 ducebantur
1249 2675 1366 2737 magno
1389 2654 1559 2739 prosiliens
1581 2654 1703 2739 impetu
1726 2657 1923 2726 ecclesiam

268 2762 435 2844 ingressus
465 2765 568 2825 estet
590 2758 776 2843 provolutus
801 2778 873 2822 cum
897 2757 1037 2821 lacrimis
1059 2756 1197 2841 pedibus
1216 2758 1415 2831 confessoris
1439 2758 1569 2838 orabat,
1603 2765 1640 2823 ut
1661 2759 1728 2823 suis
1751 2762 1923 2843 precibus

268 2871 324 2928 aut
353 2863 465 2949 pretiis
495 2881 530 2926 se
561 2881 595 2926 se
618 2881 674 2944 pro
698 2860 751 2925 dei
774 2880 883 2925 amore
905 2858 1078 2925 redimeret
1101 2879 1273 2942 secumque
1296 2861 1461 2941 retineret,
1496 2861 1551 2942 qui
1574 2861 1683 2926 furtim
1707 2860 1748 2925 de
1771 2865 1923 2948 propria

270 2966 470 3051 captivitatis
486 2964 591 3049 patria
606 2963 797 3028 vendendus
820 2963 997 3028 ducebatur
1017 2963 1052 3027 in
1076 2963 1228 3028 alienam.
1280 2966 1342 3047 (36)
1371 2965 1471 3029 Cuius
1487 2964 1595 3030 verbis
1611 2973 1643 3030 et
1661 2963 1792 3031 fletibus
1811 2987 1920 3034 suum

269 3070 472 3155 patrioticum
495 3086 727 3150 recognoscens
750 3073 926 3160 commotus
949 3073 999 3131 est
1021 3067 1077 3150 pia
1099 3072 1206 3132 mente
1229 3067 1380 3133 sacerdos
1399 3088 1459 3133 nec
1477 3087 1566 3131 mora
1581 3087 1638 3151 pro
1654 3066 1783 3150 captivo
1801 3068 1920 3154 ipsius
1943 3093 1978 3134 rs

269 3173 430 3238 dominum
455 3171 694 3255 supplicaturus
718 3170 881 3252 egreditur
903 3169 1129 3251 humiliterque
1149 3171 1360 3254 supplicabat,
1388 3177 1424 3235 ut
1439 3171 1501 3235 sibi
1516 3170 1719 3247 venderetur,
1746 3173 1920 3251 quatinus

268 3298 288 3342 a
319 3296 353 3342 se
384 3275 514 3342 servitio
544 3273 710 3338 absolutus
741 3273 823 3338 liber
853 3273 895 3338 ad
917 3273 1052 3357 patriam
1076 3280 1299 3340 reverteretur.
1352 3276 1413 3357 (37)
1442 3274 1507 3338 Sed
1530 3293 1602 3338 cum
1625 3272 1774 3338 dominus
1799 3275 1919 3360 ipsius

269 3399 393 3444 summa
417 3376 630 3443 obstinatione
652 3376 689 3441 id
711 3377 780 3442 lieri
803 3396 897 3461 posse
920 3384 1063 3459 negaret,
1092 3378 1205 3442 annuit
1227 3377 1304 3458 suis,
1331 3385 1366 3441 ut
1390 3376 1495 3461 ipsum
1519 3376 1561 3441 de
1583 3376 1722 3442 ecclesia
1744 3378 1919 3446 velociter

268 3483 484 3549 extraherent.
526 3480 723 3547 (ledentibus
747 3487 855 3546 autem
878 3480 1032 3546 ministris
1055 3480 1182 3563 vimque
1205 3480 1397 3545 facientibus
1420 3500 1458 3544 ac
1481 3478 1600 3544 domini
1624 3479 1673 3543 sui
1688 3488 1917 3565 praeceptum

268 3585 518 3669 exequentibus,
547 3583 712 3649 immensis
735 3583 881 3668 captivus
904 3583 1044 3648 clamare
1067 3583 1198 3648 vocibus
1221 3584 1341 3668 coepit:
1374 3583 1527 3648 Miserere
1550 3589 1581 3648 et
1603 3602 1767 3662 succurre,
1804 3602 1912 3653 serve
1938 3609 1972 3649 so

268 3690 337 3770 dei,
370 3710 464 3773 quem
494 3687 607 3753 devote
634 3687 822 3753 liberandus
849 3687 981 3771 expetii.
1034 3688 1094 3768 (38)
1123 3685 1280 3751 Sacerdos
1309 3706 1384 3752 vero
1409 3685 1501 3751 flexis
1525 3685 1592 3750 solo
1615 3685 1782 3770 paululum
1807 3690 1916 3770 geui-

266 3794 327 3858 bus
356 3812 529 3876 rursusque
560 3791 695 3858 elevatis
725 3790 767 3855 ad
797 3790 921 3855 caelum
944 3789 1092 3856 manibus
1115 3789 1231 3872 inquit:
1264 3789 1404 3855 Domine
1427 3790 1508 3854 deus
1531 3788 1751 3872 omnipotens,
1785 3789 1915 3870 quiin

267 4123 381 4184 Cumque
398 4124 460 4171 illuc
478 4123 649 4182 pervenisset,
671 4121 757 4167 statim
776 4120 803 4166 ln
821 4133 877 4167 aare
895 4119 1024 4167 daemonia
1042 4124 1180 4180 coeperunt
1198 4119 1314 4166 clamare:
1337 4119 1404 4176 Quid
1423 4133 1466 4166 uos
1485 4123 1510 4166 et
1528 4117 1569 4166 bic
1587 4119 1756 4179 persequeris,
1778 4117 1913 4170 Maurili?

266 4209 356 4258 Nullus
381 4215 420 4256 est
444 4209 513 4257 locus
532 4221 581 4269 quo
598 4212 624 4253 tc
643 4206 748 4254 evadere
766 4206 902 4267 possimus.
940 4205 986 4252 Ille
1011 4210 1095 4253 autem
1119 4206 1243 4252 festinans
1267 4218 1350 4267 neque
1374 4204 1515 4267 quidquam
1538 4209 1620 4252 motus
1644 4204 1676 4251 ad
1700 4205 1802 4265 plenam
1824 4220 1914 4256 vene-

267 4309 343 4344 nosae
367 4293 530 4354 malignitatis
555 4294 751 4353 quaerimoniam
778 4291 901 4353 quidquid
924 4292 958 4338 ibi
984 4292 1067 4339 fuerat
1092 4296 1268 4352 congregatum
1287 4304 1319 4338 ex
1337 4291 1441 4339 diversis
1458 4290 1533 4338 idolis
1550 4291 1610 4350 igne
1629 4291 1748 4338 cremavit
1766 4295 1793 4338 et
1812 4305 1910 4342 monaÎ‡

267 4382 373 4431 sterium
391 4382 428 4428 ibi
446 4379 558 4441 proxime
577 4378 717 4436 coustituit,
738 4377 802 4439 quod
820 4383 950 4439 permanet
969 4390 1048 4439 usque
1067 4376 1094 4424 iu
1114 4382 1272 4438 praesentem
1290 4377 1357 4425 diem
1375 4379 1406 4426 ad
1418 4378 1520 4439 glottam
1533 4377 1627 4425 domiui
1640 4377 1719 4425 nostri
1732 4376 1791 4424 lesu
1804 4375 1912 4430 christi

267 4475 293 4518 et
311 4467 454 4516 memoriam
471 4465 554 4513 incliti
572 4463 682 4512 Maurilii
700 4466 858 4513 confessorls.

353 4551 378 4602 8.
399 4551 415 4601 9
435 4550 605 4612 Mopuobodas
622 4565 643 4599 c.
667 4553 698 4598 7.Î‡
717 4550 854 4598 Monachus
872 4551 973 4598 nomine
992 4548 1112 4598 Clemens
1130 4550 1242 4597 febribus
1261 4551 1390 4611 quartanis
1409 4550 1482 4598 anuis
1500 4551 1583 4598 tribus
1601 4549 1748 4598 vexabatur.

353 4640 378 4688 9.
401 4638 432 4688 10
455 4638 525 4699 Grec.
549 4637 610 4685 Tur.
630 4637 659 4685 de
676 4640 734 4685 oiri.
755 4638 783 4686 S.
806 4635 910 4684 Martini
927 4637 967 4696 11,
988 4640 1017 4684 i:
1043 4641 1070 4684 et
1094 4641 1159 4684 errat
1180 4636 1264 4684 horror
1288 4637 1353 4696 cibi,
1381 4649 1488 4697 cumque
1513 4636 1543 4683 ab
1561 4634 1661 4684 inaedia
1679 4634 1797 4682 deiiceret
1817 4637 1909 4688 virtus

266 4727 398 4786 stomachi,
418 4726 496 4773 fehrIs
515 4730 613 4772 tautum
632 4730 685 4772 erat
703 4725 786 4794 victus
805 4725 908 4786 corpori.

355 4812 395 4862 ld.
418 4810 447 4860 ll
469 4809 541 4871 (á¼”Ï„ÎµÏ.
566 4810 628 4859 Tar.
648 4813 665 4859 i.
687 4813 725 4859 l.:
745 4816 770 4858 et
788 4811 871 4859 taliter
888 4811 928 4871 agi
947 4811 1026 4872 coepi,
1047 4814 1076 4858 ut
1095 4809 1237 4857 iumlueute
1255 4814 1334 4856 morte
1352 4810 1437 4856 vivere
1456 4808 1603 4856 omntmodis
1622 4807 1783 4868 disperarem.

355 4897 456 4948 Â¹2-15
477 4896 649 4957 Mopuobodus
667 4899 684 4944 l.
705 4899 742 4944 i.:
768 4896 882 4957 Cumque
906 4896 1006 4944 undem
1025 4896 1138 4954 eulogias
1157 4896 1344 4944 sanctissimum
1364 4896 1446 4942 virum
1464 4895 1616 4956 postulasset
1640 4899 1666 4940 et
1689 4892 1732 4940 ille
1758 4893 1782 4940 el
1805 4892 1907 4946 libenti

266 4987 348 5034 animo
367 4985 545 5048 praestitisset,
567 4984 624 5031 ilico
643 4989 671 5030 ut
690 4985 776 5031 fumus
793 4984 897 5044 languor
914 4983 962 5030 iste
980 4982 1096 5030 diutinus
1116 4982 1220 5028 evanuit
1237 4989 1264 5028 et
1281 4981 1389 5042 sospitas
1408 4985 1492 5042 optata
1509 4981 1640 5028 successit.

354 5072 384 5120 ii
403 5100 438 5108 -
454 5088 479 5134 p.
496 5070 537 5133 89,
559 5072 576 5119 l.
595 5068 625 5118 10
644 5067 816 5129 Mopaobodas
833 5082 855 5115 c.
875 5072 907 5117 8:
931 5068 1155 5117 Praetereuutibus
1178 5067 1285 5128 quadam
1304 5067 1345 5115 die
1364 5081 1409 5128 per
1426 5068 1510 5127 ipsum
1529 5065 1653 5114 Oalouuae
1671 5064 1800 5127 praedium
1819 5076 1906 5125 nego-

265 5161 412 5220 sisennus,
441 5161 484 5220 qui
503 5159 585 5207 soient
602 5158 669 5203 inter
687 5156 736 5204 alia
754 5155 901 5204 commercia
919 5156 994 5202 etiam
1012 5155 1128 5202 homiues
1146 5154 1257 5214 captivos
1275 5153 1439 5213 venumdare,
1466 5165 1533 5200 uuus
1551 5166 1583 5201 ex
1603 5151 1699 5200 cladem
1724 5150 1830 5211 captivis
1852 5156 1904 5214 qui

266 5253 392 5309 tamquam
418 5259 513 5294 merces
536 5242 663 5307 quaelibet
687 5242 844 5290 ducebantur
868 5240 968 5287 venales
992 5241 1136 5299 confugium
1160 5241 1186 5287 iu
1211 5240 1340 5287 ecclesiam
1365 5240 1434 5287 iecit.
1472 5235 1564 5286 Beatus
1582 5237 1714 5286 Mamilius
1737 5219 1846 5297 supplex
1866 5239 1903 5288 ad

266 5335 379 5382 dominos
398 5337 511 5396 precator
529 5329 641 5389 accedit,
667 5333 695 5376 ut
713 5329 833 5377 miserum
852 5326 974 5375 redimere
992 5331 1083 5389 posset.
1124 5326 1196 5373 Tunc
1212 5326 1251 5372 ilii
1269 5325 1391 5373 humilem
1410 5324 1518 5386 superbe
1534 5328 1683 5385 spernentes
1708 5335 1806 5384 precem
1829 5336 1903 5374 ausu

266 5420 398 5467 temerario
428 5419 561 5477 fugitiuum
590 5415 621 5463 de
645 5415 751 5463 ecclesia
777 5426 862 5475 rapere
886 5419 1027 5474 coeperunt.
1074 5414 1108 5459 Aa
1131 5412 1173 5459 ille
1198 5411 1380 5472 multomagis
1405 5417 1467 5460 tunc
1490 5410 1606 5471 trepidus
1629 5416 1656 5458 et
1680 5409 1821 5457 vociferans
1843 5411 1899 5460 ait:

352 5712 382 5760 21
404 5711 532 5759 uendituri
553 5709 575 5756 P
679 5707 869 5769 arrepticius
891 5704 912 5752 G
