4374 6186
355 406 374 469 8
963 400 1134 457 vannum
1152 401 1373 459 FORTVNATI

354 612 415 676 ego
443 592 485 659 de
515 592 634 658 sanctis
663 591 924 677 permanentibus
950 598 983 657 et
1005 592 1090 675 quod
1112 598 1162 658 est
1184 591 1312 658 felicius
1334 592 1368 657 in
1390 613 1489 676 regno
1514 593 1633 659 Christi
1656 592 1773 660 cotidie
1795 593 1983 661 florentibus

303 771 306 776 ,
353 697 400 762 nil
432 697 608 762 referreml
643 695 830 780 praesertim
868 695 922 759 ubi
958 695 1086 760 diversa
1113 695 1310 760 diversarum
1341 697 1480 780 partium
1510 697 1638 762 videtur
1667 717 1739 762 esse
1768 717 1868 762 causa
1896 719 1983 765 mer-

353 799 485 883 cedum,
518 799 604 884 quod
633 800 771 883 gentiles
799 799 936 864 fructum
965 798 1083 863 laboris
1113 799 1163 864 sui
1191 799 1225 863 in
1254 799 1445 865 inanitatum
1469 800 1578 865 favore
1600 801 1770 866 voluerunt
1792 801 1977 883 consistere,

352 924 411 969 nos
441 909 548 969 antem
579 908 724 987 oporteat
753 901 787 966 in
813 903 979 967 beatorum
1007 902 1147 967 virorum
1170 901 1399 971 intercessione
1422 904 1584 987 plantare,
1619 904 1735 986 quibus
1758 903 1810 968 hic
1832 905 1931 970 verba
1952 907 1980 970 si

297 1003 330 1068 Π
353 1007 517 1087 solvimus,
544 1006 612 1072 illie
633 1006 754 1089 gaudia
776 1024 1009 1090 comparamus.
1061 1006 1101 1087 (4)
1128 1004 1252 1072 Idcirco
1274 1006 1390 1072 reddat
1410 1006 1460 1071 illi
1482 1006 1610 1072 mobilis
1632 1006 1744 1089 lingua
1760 1008 1975 1091 praeconium,
2003 1033 2016 1071 a

352 1132 373 1177 a
394 1131 457 1195 quo
479 1110 568 1196 prius
590 1116 721 1195 pectora
742 1116 956 1194 conceperunt
977 1109 1144 1190 affectum3
1172 1131 1246 1175 nam
1269 1110 1361 1175 bonis
1384 1110 1454 1175 eius
1477 1116 1587 1195 aperte
1611 1110 1758 1176 credetur
1780 1110 1926 1191 invideri,
1952 1113 1981 1178 si

351 1236 434 1299 qnae
461 1215 503 1282 de
532 1215 588 1281 illo
620 1213 846 1296 cognovimns,
880 1213 1008 1278 silentio
1037 1212 1208 1279 videantur
1237 1213 1401 1279 abscondi.
1448 1213 1562 1278 Merito
1584 1213 1693 1295 itaque
1716 1233 1787 1278 eum
1811 1214 1926 1280 ceteris
1948 1222 1982 1280 et

351 1339 403 1384 me
425 1318 467 1385 de
490 1339 525 1386 se
547 1317 636 1400 loqui
658 1317 830 1402 compellit,
857 1317 912 1401 qui
934 1317 1031 1382 etiam
1055 1324 1159 1382 mutos
1182 1324 1217 1383 nt
1239 1318 1409 1400 loquantur
1426 1317 1576 1382 absolvit.
1627 1318 1665 1401 (5)
1695 1317 1761 1382 Sed
1776 1338 1871 1400 quam
1887 1319 1982 1402 plura

351 1421 506 1507 superetis
539 1422 572 1487 in
606 1441 737 1506 corpore
770 1420 883 1486 fecerit
915 1421 968 1486 vel
1001 1428 1121 1504 quanta
1154 1427 1306 1506 operatus
1340 1421 1396 1502 sit,
1441 1427 1609 1505 postquam
1643 1426 1775 1485 aeterna
1807 1421 1841 1485 in
1869 1421 1981 1505 requie

351 1524 579 1610 plaudentibus
609 1524 736 1608 angelis
765 1524 807 1590 ad
831 1524 993 1590 Christum
1022 1524 1123 1589 victor
1152 1524 1192 1590 de
1216 1524 1326 1590 mundi
1349 1524 1521 1590 certamine
1544 1523 1800 1608 transmigravit,
1832 1525 1894 1590 etsi
1915 1546 1981 1590 non
2003 1548 2034 1588 ro

350 1629 441 1714 potui
470 1649 626 1695 annorum
656 1634 816 1694 vetustate
846 1628 1043 1712 subripiente
1074 1628 1276 1712 contingere,
1308 1635 1448 1693 adaman
1471 1629 1524 1693 vel
1546 1648 1630 1711 quae
1652 1628 1815 1713 praesenti
1837 1636 1981 1714 tempore

350 1732 506 1798 miracula
528 1730 708 1798 misericors
731 1731 888 1816 praebuit,
916 1731 1009 1815 cupio
1032 1731 1188 1815 indigenti
1211 1731 1384 1797 memoriae
1406 1752 1471 1797 non
1493 1730 1661 1797 fraudare:
1688 1738 1723 1797 ut
1738 1732 1883 1815 quisquis
1898 1731 1980 1798 haee

350 1836 439 1903 fideli
468 1835 549 1902 sieut
578 1836 734 1902 condecet
760 1835 873 1901 auditu
902 1836 1099 1920 perceperit,
1133 1842 1166 1901 et
1193 1835 1367 1922 praeterita
1389 1855 1618 1919 recognoscere
1642 1835 1783 1917 gaudeat
1806 1843 1837 1901 et
1860 1836 1981 1901 similia

349 1940 419 2006 fieri
441 1940 557 2006 virtute
580 1938 773 2005 confessoris
795 1939 828 2004 in
851 1937 957 2004 futuro
980 1938 1130 2004 confidat.

280 2036 330 2101 III
442 2045 482 2126 (6)
508 2043 612 2128 Igitur
634 2043 811 2108 Probianus
840 2062 911 2107 cum
942 2041 1041 2106 dubio
1068 2042 1132 2106 iam
1155 2042 1241 2108 vitae
1264 2041 1421 2126 penderet
1441 2041 1474 2106 in
1497 2041 1560 2107 tine
1583 2048 1615 2106 et
1637 2061 1728 2126 spem
1751 2041 2035 2107 convalesces-1⁵

350 2146 412 2212 dae
440 2146 596 2212 infantiae
624 2164 710 2211 mors
731 2144 843 2210 invida
864 2145 1050 2229 parentibus
1073 2145 1239 2230 subripere
1261 2144 1444 2226 festinaret,
1479 2165 1539 2210 nee
1560 2145 1688 2228 parvuli
1710 2145 1806 2210 funus
1829 2145 1979 2210 acerbum

349 2250 556 2316 considerans
589 2270 650 2316 nee
678 2249 839 2315 desideria
866 2248 1109 2331 ingemiscentis
1140 2249 1314 2314 senectutis
1345 2255 1511 2333 spectans,
1549 2247 1647 2313 avida
1676 2248 1828 2331 quicquid
1857 2248 1982 2314 invenit

349 2361 440 2420 extra
469 2361 586 2421 sortem
617 2351 827 2434 concludens,
860 2353 930 2417 sola
958 2352 1187 2418 intercessione
1215 2353 1303 2418 beati
1325 2352 1442 2417 Hilarii
1470 2352 1631 2418 restiterat
1653 2352 1841 2418 moribundo
1863 2353 1980 2417 salutis

349 2456 485 2524 occasio.
540 2459 582 2541 tl}
607 2454 710 2533 Quem
725 2457 848 2520 Franco
872 2475 950 2520 suus
972 2455 1099 2538 genitor
1121 2462 1153 2520 et
1171 2455 1353 2521 Periculosa
1376 2462 1486 2537 mater,
1514 2476 1597 2539 quae
1619 2456 1724 2537 magis
1746 2474 1898 2522 converso
1921 2475 1980 2519 no-

348 2561 437 2628 mine
451 2560 511 2626 filii
525 2560 768 2645 periclitabatur
786 2560 819 2623 in
834 2579 921 2640 nece,
941 2559 1006 2623 iam
1022 2560 1116 2640 quasi
1131 2560 1274 2625 defuncti
1290 2559 1562 2645 praemeditantes
1579 2560 1751 2643 exsequias
1767 2581 1840 2625 cum
1856 2559 1979 2642 ingenti
2000 2582 2033 2624 ao

348 2664 424 2730 fletu
447 2665 480 2729 in
502 2663 695 2729 confessoris
717 2664 924 2729 tabernaculo
948 2662 1141 2728 detulerunt.
1195 2665 1234 2747 (8)
1262 2665 1353 2728 Tunc
1381 2670 1512 2729 sanctus
1534 2664 1676 2729 Hilarius
1704 2664 1745 2728 ab
1768 2671 1897 2728 auctore
1920 2683 1979 2728 sno

349 2773 493 2834 secretae
515 2767 593 2832 artis
615 2766 772 2831 exhibens
794 2765 1001 2847 medicinam,
1037 2772 1207 2832 consuetus
1231 2767 1272 2833 de
1295 2766 1463 2851 dispendio
1486 2766 1609 2832 funeris
1631 2766 1767 2832 reddere
1789 2765 1981 2850 compendia

349 2871 513 2954 sanitatis,
545 2870 650 2936 subito
680 2870 891 2935 membrorum
921 2869 1073 2935 fluentem
1104 2869 1258 2935 fabricam
1288 2871 1385 2935 verbo
1408 2876 1561 2955 operante
1584 2871 1728 2936 subrexit
1750 2870 1837 2934 etin
1860 2876 1979 2935 statum

348 2975 517 3061 pristinum
544 2980 708 3056 tamquam
738 2973 765 3037 si
788 2973 869 3037 nihil
893 2973 1009 3038 fuisset
1031 2973 1168 3039 solubile
1191 2973 1391 3038 reformavit:
1426 2993 1500 3038 mox
1523 2980 1689 3057 parentum
1713 2975 1862 3039 lacrimas
1885 2972 1981 3038 laeti-

348 3080 414 3145 tiae
437 3078 520 3144 mole
543 3077 789 3161 superveniente
812 3076 959 3159 siecavit,
988 3077 1126 3160 gemitus
1149 3084 1221 3142 voto
1245 3077 1437 3143 succedente
1460 3078 1650 3162 praeclusit,
1677 3077 1732 3142 ubi
1753 3077 1818 3142 iam
1841 3097 1898 3162 per
1920 3075 1979 3140 do·
1999 3099 2035 3142 aa

347 3183 448 3248 lorem
470 3200 533 3247 non
556 3185 625 3246 erat
647 3179 705 3245 sed
726 3200 785 3265 per
806 3179 926 3263 gaudia
948 3180 1034 3263 quod
1055 3181 1228 3266 plorarent.
1281 3183 1320 3263 (9)
1347 3181 1436 3258 Quas
1458 3200 1590 3265 poenas,
1617 3202 1700 3265 quae
1721 3187 1879 3247 tormenta
1893 3199 1979 3244 mors

347 3287 421 3371 ipsa
446 3291 523 3351 tune
548 3283 695 3370 pertulit,
729 3282 858 3366 quando
880 3282 963 3348 illud
986 3283 1072 3367 quod
1095 3283 1248 3350 credebat
1269 3284 1423 3350 invadere
1447 3284 1493 3349 sic
1514 3285 1643 3350 amisit?
1683 3284 1828 3350 Profecto
1850 3284 1979 3367 quando

348 3390 484 3456 alterum
513 3387 627 3453 victrix
650 3386 745 3452 ferire
767 3408 831 3452 non
853 3388 972 3472 potnit,
1006 3407 1041 3453 se
1064 3407 1149 3453 mors
1173 3388 1257 3454 vieta
1278 3388 1447 3472 percussit.
1499 3390 1560 3471 (10)
1587 3388 1649 3464 Qui
1671 3394 1778 3453 tamen
1801 3387 1979 3452 Probianus

349 3492 487 3558 civitatis
514 3490 638 3576 apicem
667 3491 782 3557 meruit
808 3490 950 3557 obtinere
979 3491 1137 3575 pontificis
1168 3498 1201 3557 ct
1229 3510 1330 3574 usque
1360 3491 1393 3555 in
1423 3491 1611 3557 hodiernum
1634 3491 1719 3556 diem
1742 3492 1785 3556 ad
1808 3489 1980 3557 luminaria

349 3596 400 3662 sni
421 3594 538 3663 medici
560 3595 698 3678 singulis
720 3595 813 3661 annis
836 3595 922 3661 vitae
945 3595 1069 3661 debitor
1091 3595 1211 3661 tributa
1233 3595 1390 3660 dissolvit.
1999 3619 2033 3660 ao

281 3693 327 3757 IV
438 3701 500 3782 (11)
527 3700 615 3765 Illud
635 3719 763 3783 quoque
785 3698 878 3764 nobis
900 3706 950 3764 est
971 3707 1036 3764 tarn
1061 3699 1224 3783 singulare
1246 3699 1436 3764 miraculum
1459 3719 1515 3782 pro
1537 3699 1641 3783 gloria
1664 3698 1835 3764 conlatoris
1850 3698 1893 3764 ad
1908 3719 1978 3765 me-

348 3803 481 3870 moriam
511 3803 621 3888 populi
652 3801 881 3869 revocandum.
927 3803 1013 3866 Nam
1040 3823 1111 3867 cum
1135 3825 1155 3867 a
1178 3803 1332 3869 Cadurcis
1354 3803 1519 3868 venissent
1542 3804 1604 3869 duo
1627 3803 1736 3886 leprae
1759 3802 1894 3867 maculis
1916 3801 1979 3866 im-

348 3906 462 3973 mutati
490 3925 579 3991 spem
610 3924 688 3971 suae
718 3907 832 3972 salutis
860 3907 894 3971 in
924 3906 1027 3972 saneti
1057 3906 1286 3972 intercessione
1316 3906 1504 3987 fundantes,
1539 3906 1579 3972 de
1608 3907 1741 3990 pulvere
1768 3906 1822 3989 qui
1844 3906 1885 3972 ab
1908 3904 1979 3970 eius

344 4011 517 4096 sepulchro
539 4010 784 4094 abstergebatur
807 4029 866 4075 sua
888 4010 1034 4076 lavantes
1058 4010 1164 4094 capita
1186 4016 1218 4076 et
1240 4010 1383 4075 membra
1406 4010 1530 4092 reliqua
1552 4015 1806 4094 perunguentes,
1834 4015 1898 4073 tam
1923 4007 1978 4072 diu

350 4112 411 4179 sibi
441 4114 539 4178 talem
568 4133 677 4179 curam
704 4111 840 4179 fideliter
861 4113 1103 4198 impenderunt,
1138 4112 1239 4178 donec
1261 4111 1454 4178 infirmitatis
1476 4112 1579 4198 ipsius
1601 4114 1693 4179 ulcus
1716 4133 1754 4178 ac
1776 4112 1916 4177 varietas
1938 4111 1979 4177 de
2001 4136 2036 4177 aa

349 4237 479 4302 corpore
501 4215 586 4300 quod
609 4217 829 4300 captivaverat
851 4217 979 4301 captiva
1001 4218 1170 4300 migraret,
1202 4223 1237 4283 ut
1258 4217 1393 4301 decepta
1416 4217 1483 4282 suis
1505 4216 1629 4282 solatiis
1653 4218 1787 4281 colorem
1811 4236 1905 4297 quem
1928 4214 1980 4279 in-

349 4326 479 4386 vaserat
500 4319 655 4384 inviolata
676 4320 871 4403 relinqueret
892 4328 926 4386 et
947 4341 1044 4403 quam
1067 4341 1175 4387 secum
1198 4322 1349 4387 attulerat
1371 4319 1578 4404 turpitudinis
1601 4320 1740 4404 speciem
1762 4339 1825 4384 non
1841 4325 1977 4384 teneret.

354 4426 416 4506 (12)
443 4424 520 4488 Post
540 4423 787 4489 innumerabilia
808 4425 944 4490 vulnera
966 4425 1116 4490 membris
1140 4426 1286 4491 omnibus
1308 4425 1486 4490 instaurata
1508 4431 1558 4489 est
1579 4423 1661 4489 cutis
1683 4443 1762 4487 una:
1790 4423 1899 4487 vultus
1921 4422 1979 4487 ille

349 4526 500 4592 diuturna
528 4525 654 4592 deletus
683 4527 846 4594 sordidine
877 4548 936 4593 sua
959 4527 1065 4612 eoepit
1086 4528 1211 4612 repingi
1233 4528 1375 4613 imagine
1399 4546 1458 4592 nee
1480 4527 1623 4610 agnosci.
1671 4527 1733 4592 Per
1755 4525 1979 4591 fidelissimum

351 4731 510 4739 -—————
525 4730 543 4735 ¹—
555 4730 631 4733 -·-—
677 4730 761 4734 --——-

437 4857 453 4906 2
472 4853 638 4922 dluerllsarum
658 4859 684 4906 in
702 4872 781 4917 marg.
803 4855 862 4905 odd.
879 4857 931 4905 6¹?
1056 4858 1072 4907 8
1091 4859 1135 4906 sed
1155 4885 1186 4893 -
1206 4859 1222 4906 a
1240 4863 1357 4919 operatus
1376 4854 1421 4924 sit]
1440 4859 1532 4919 gaudet
1549 4859 1625 4921 plane
1644 4864 1670 4906 et
1688 4859 1832 4906 sublimiter
1849 4864 1914 4905 terra
1933 4872 1979 4904 ex·

350 4945 430 5006 altat,
459 4946 518 5006 qnia
540 4945 656 5005 quamuis
674 4947 746 5006 plura
764 4944 857 4991 niuens
876 4945 902 4991 in
922 4957 1021 5005 corpore
1040 4945 1159 4992 miracula
1176 4946 1282 5005 feeerit,
1309 4951 1334 4993 et
1351 4959 1396 5006 ego
1415 4946 1461 4992 uix
1479 4959 1558 5006 panca
1576 4959 1616 4993 me
1635 4945 1752 5006 superius
1771 4943 1980 5005 comprehendere

350 5032 467 5094 dixerim,
489 5032 623 5078 innumera
642 5038 725 5078 tamen
744 5036 862 5093 operatus
880 5031 962 5078 estV
1064 5029 1200 5079 baetema
1219 5033 1245 5079 in
1265 5029 1404 5099 requie]G
1510 5031 1541 5080 10
1560 5036 1589 5079 ut
1607 5031 1668 5079 sid
1774 5029 1803 5078 11
1824 5026 1980 5095 contingere]

350 5124 438 5167 cuneta
455 5131 521 5180 quae
538 5117 617 5176 gessit
634 5115 694 5165 odd.
715 5118 735 5164 V
839 5116 869 5165 15
889 5118 1036 5179 proprianus
1055 5116 1087 5164 01
1110 5117 1187 5180 (infra
1206 5120 1350 5181 propinans)
1460 5117 1489 5166 ll
1509 5114 1639 5184 quicquid]
1659 5117 1724 5179 quod
1745 5117 1765 5162 V
1876 5114 1907 5164 18
1926 5129 1978 5164 scr-

350 5201 412 5270 tem]
431 5210 521 5253 cuncta
539 5203 596 5252 odd.
619 5204 658 5266 (V)
776 5204 939 5252 moriturae
1072 5203 1106 5253 211
1125 5205 1255 5252 neceml'
1384 5203 1415 5256 21
1436 5201 1650 5270 tabernaculo]6
1783 5202 1815 5251 22
1835 5203 1982 5262 exigensl'

350 5289 382 5341 23
401 5288 528 5358 subrexit]
546 5291 577 5352 G,
597 5289 631 5350 es.
654 5289 695 5337 Ad
714 5291 847 5351 laetitiam,
870 5292 935 5351 App.
960 5292 996 5350 ll,
1017 5293 1060 5349 66,
1081 5292 1166 5339 erexit
1185 5290 1224 5353 (Vi
1386 5290 1418 5341 29
1438 5292 1565 5338 ciuitatem
1588 5289 1618 5337 V¹
1757 5286 1866 5355 apicem]
1883 5291 1979 5336 uirtute

350 5390 470 5437 superare.
495 5377 517 5424 θ
626 5374 763 5443 pontificis]
781 5379 942 5441 pcntldcatus
960 5379 1122 5427 bltnricensis
1144 5378 1165 5424 Z
1184 5377 1288 5440 (ottob.)
1396 5374 1540 5443 luminaria]
1557 5377 1646 5425 limina
1665 5378 1685 5423 Z
1705 5376 1824 5439 (ottob),
1844 5375 1880 5434 cf.
1901 5374 1979 5423 Rela-

350 5463 408 5511 ltms
424 5479 451 5524 p.
472 5463 551 5510 XVII
735 5463 767 5513 30
786 5461 871 5530 annis]
889 5462 978 5511 desinit
999 5467 1126 5524 watcmio
1148 5465 1177 5526 0,
1198 5468 1307 5526 sequitur
1325 5464 1356 5525 P,
1378 5467 1404 5512 ta
1421 5478 1467 5527 pac
1485 5466 1536 5512 vito
1555 5462 1583 5511 8.
1603 5462 1742 5511 detentioni
1761 5466 1851 5522 scripto
1868 5466 1904 5509 eat
1926 5461 1945 5513 V.

349 5545 518 5615 dissoluit]0
622 5549 654 5600 32
672 5546 742 5617 enm]
759 5564 877 5612 saperaer.
895 5548 948 5597 0¹?
1052 5549 1085 5598 35
1104 5553 1131 5600 in
1149 5565 1233 5599 curam
1251 5550 1314 5598 redit
1333 5551 1356 5598 A
1461 5546 1555 5616 ipsius]
1572 5563 1620 5599 cm.
1642 5550 1664 5595 A
1768 5551 1880 5596 ulcerosa
1898 5548 1979 5595 uarie-

350 5639 388 5682 tas
406 5632 445 5698 (Α)
559 5634 592 5685 36
610 5638 757 5699 migrauarit
776 5639 798 5684 A
903 5634 935 5685 37
953 5636 1076 5686 inuiolata
1095 5637 1118 5684 A
1224 5635 1256 5687 39
1276 5637 1395 5686 diuturna
1414 5637 1512 5687 deletus
1530 5631 1668 5704 sordidius]
1690 5635 1719 5697 G,
1740 5637 1860 5685 diuturno
1878 5635 1978 5684 deletus

350 5721 479 5772 ordinari
1370 5737 1371 5740 ¹
