4374 6186
347 418 367 482 6
954 416 1126 473 VENANTI
1143 416 1367 474 FORTVNATI

345 604 448 671 tilium
469 627 535 671 non
556 606 707 688 habebat,
733 607 902 691 provoluta
924 606 967 672 ad
988 606 1089 692 pedes
1112 606 1215 674 sancti
1239 607 1358 674 IIilarii
1380 607 1648 694 praecedentibus
1671 608 1813 675 lacrimis
1836 609 1904 676 nati
1926 609 1978 675 sui

346 727 462 793 corpus
485 708 599 775 effudit
620 710 823 776 exclamans:
850 709 1006 776 Martinus
1028 710 1136 776 adhuc
1156 710 1318 795 incipieus
1340 711 1597 777 cathecuminum
1619 719 1777 778 mortuum
1799 713 1973 794 revocavit,

345 817 381 877 tu
409 812 553 897 pontifex
583 812 701 895 redde,
733 833 825 897 rogo,
858 813 959 879 filium
987 821 1043 880 aut
1064 814 1142 879 milri
1165 821 1221 880 aut
1242 815 1420 899 baptismo:
1452 816 1506 899 qui
1529 816 1640 901 populi
1662 824 1756 903 pater
1776 817 1973 901 agnosceris,

346 921 381 981 ut
402 924 504 983 mater
526 937 587 1001 ego
609 937 705 983 vocer
726 916 883 984 obtineas.
937 917 996 999 (44)
1025 918 1079 983 Sic
1099 918 1158 983 illa
1176 919 1249 1003 plus
1265 919 1406 984 lacrimis
1422 926 1552 1004 petente
1567 940 1663 1003 quam
1678 921 1785 986 verbis
1801 927 1977 986 commotus

344 1018 394 1084 414
422 1019 476 1085 441
504 1026 671 1104 spectante
701 1022 821 1107 populo
849 1020 892 1087 ad
920 1028 1073 1087 consueta
1104 1042 1193 1087 arma
1222 1041 1386 1087 recurrens
1413 1023 1448 1087 in
1476 1029 1593 1088 terram
1623 1023 1843 1108 prosternitur.
1899 1025 1976 1089 Mox
1999 1045 2012 1084 4

344 1122 500 1207 paulatim
523 1124 666 1191 defuncti
688 1126 794 1211 pallor
815 1125 848 1189 in
870 1125 1017 1190 ruborem
1040 1125 1252 1208 convertitur,
1279 1126 1398 1209 frigida
1420 1127 1563 1192 membra
1578 1134 1732 1193 ‚revocato
1756 1127 1869 1212 spiritu
1893 1128 1977 1193 inte-

344 1233 489 1310 pescunt,
516 1226 600 1293 oculi
622 1228 744 1313 apertis
766 1229 942 1314 palpebrae
964 1227 1070 1294 ianuis
1093 1229 1298 1314 peregrinum
1320 1229 1429 1295 lumen
1452 1238 1642 1314 agnoscunt,
1669 1251 1731 1296 vox
1746 1230 1884 1296 adducto
1900 1251 1976 1296 aere

344 1326 386 1394 de
407 1329 546 1415 pectoris
569 1330 730 1397 domicilio
753 1331 890 1398 conflata
913 1332 1086 1416 profertur,
1112 1351 1244 1415 gressus
1267 1333 1334 1398 suis
1357 1332 1504 1415 vestigiis
1528 1332 1692 1399 redivivus
1714 1334 1913 1415 extenditur,
1940 1334 1975 1398 in

343 1433 502 1499 anteriore
524 1433 732 1501 fundamento
754 1440 823 1501 tota
845 1435 968 1501 fabrica
982 1442 1165 1501 renovatur.
1217 1438 1277 1520 (45)
1307 1435 1391 1514 Quid
1407 1437 1523 1520 plura?
1555 1436 1693 1502 Tamdiu
1707 1436 1809 1503 iacuit
1824 1436 1975 1503 sacerdos

342 1533 377 1600 in
398 1537 542 1622 pulvere,
569 1537 672 1605 donec
693 1538 813 1625 pariter
834 1547 1011 1624 surgerent,
1038 1559 1138 1605 senex
1162 1539 1202 1606 de
1225 1539 1368 1606 oratione
1390 1539 1498 1605 141444
1516 1539 1556 1605 44
1572 1547 1682 1606 morte.
1722 1540 1805 1606 Ecce
1821 1541 1975 1607 4144144-
1998 1559 2028 1600 ru

344 1638 477 1724 dabilis,
511 1662 594 1725 quae
617 1643 658 1708 de
681 1643 814 1709 alterius
837 1663 968 1729 corpore
990 1663 1101 1709 necem
1124 1643 1274 1728 precibus
1296 1643 1467 1727 effugavit,
1503 1643 1654 1729 spoliarit
1676 1649 1849 1727 tartarum,
1883 1665 1974 1729 spem

343 1741 467 1810 habens
490 1744 531 1811 de
554 1745 691 1811 Christo.
737 1747 822 1812 11444
844 1747 891 1813 ibi
912 1747 984 1812 iura
1005 1768 1068 1812 non
1091 1746 1194 1812 tenuit
1215 1747 1272 1812 ubi
1293 1747 1435 1812 Hilarius
1458 1747 1523 1812 vim
1546 1747 1698 1813 orationis
1721 1754 1771 1813 est
1793 1748 1971 1831 ingressus.

343 1846 410 1913 Sed
439 1854 529 1914 tanta
557 1870 608 1915 res
631 1871 694 1916 non
715 1858 823 1936 potest
843 1853 961 1917 nostris
984 1849 1090 1917 verbis
1113 1852 1186 1935 plus
1209 1851 1315 1916 ornari
1337 1871 1434 1934 quam
1457 1851 1589 1917 meritis.
1638 1852 1731 1916 Nunc
1753 1871 1829 1916 vero
1852 1871 1974 1917 memo-

343 1950 478 2017 randum
502 1955 660 2038 estquod
682 1975 781 2041 supra
802 1956 1016 2041 promisimus,
1042 1954 1182 2038 qualiter
1203 1954 1358 2021 miracula
1379 1955 1506 2036 reliqua
1528 1955 1588 2020 hoc
1610 1955 1763 2019 miraculo
1783 1955 1969 2020 cumulavit.

241 2061 323 2126 XIII
436 2057 495 2142 (46)
523 2056 672 2141 Denique
696 2079 767 2124 curn
789 2059 1011 2126 beatissimam
1033 2059 1153 2124 Abram
1175 2057 1276 2124 filiam
1300 2077 1399 2141 suam,
1431 2058 1592 2142 adquam
1616 2058 1656 2123 de
1679 2058 1776 2123 exilio
1800 2057 1974 2124 destinavit
1996 2074 2027 2119 44

343 2156 525 2243 epistolam,
551 2160 740 2227 incolomem
763 2161 949 2246 invenisset,
975 2162 1148 2246 alloquitur
1170 2161 1328 2246 quomodo
1351 2168 1478 2247 poterat
1498 2161 1635 2227 dulcedo
1657 2162 1759 2246 patris
1775 2168 1807 2227 et
1822 2160 1974 2226 facundia

342 2263 486 2329 oratoris.
534 2262 621 2341 Quid
650 2264 779 2331 dicam‘?
811 2266 984 2351 alloquitur
1006 2266 1164 2347 Hilarius,
1198 2266 1289 2332 cuiue
1319 2264 1523 2348 eloquentiae
1551 2272 1624 2350 post
1652 2265 1758 2349 ipsum
1788 2284 1973 2349 comparare

341 2366 481 2450 aliquem
510 2366 566 2434 vix
595 2368 750 2436 audemus
773 2368 835 2435 nisi
858 2368 914 2452 qui
936 2369 998 2435 fuit
1020 2368 1133 2454 spiritu
1156 2368 1265 2434 divino
1287 2368 1443 2453 repletus;
1475 2374 1637 2453 temptans
1659 2368 1727 2434 eius
1750 2367 1908 2450 animum,
1943 2367 1972 2432 si

341 2469 421 2536 velit
436 2491 586 2557 sponsum
603 2472 775 2557 attingere,
801 2493 896 2558 quem
912 2473 1013 2558 patris
1027 2472 1132 2556 gratia
1146 2472 1339 2557 provideret.
1388 2472 1449 2556 (47)
1477 2474 1569 2537 Tunc
1583 2471 1720 2537 libenter
1734 2470 1973 2536 desideranter-

340 2594 404 2657 que
426 2581 463 2639 ut
484 2575 632 2642 celeriter
653 2577 684 2643 ei
699 2577 886 2661 iungeretur
900 2578 1042 2662 optabat.
1083 2575 1187 2654 Quam
1203 2576 1400 2642 voluntatem
1416 2581 1508 2661 pater
1522 2575 1596 2660 pius
1612 2594 1803 2659 agnoscens,
1829 2575 1971 2640 intentus
1992 2592 2024 2635 44

341 2678 537 2744 orationibus
566 2700 629 2745 non
658 2681 815 2765 cessavit,
848 2680 951 2746 donec
980 2681 1049 2746 sine
1080 2678 1205 2762 dolore,
1239 2679 1308 2745 sine
1339 2678 1487 2763 contagio
1516 2678 1557 2744 de
1585 2678 1749 2764 praesenti
1771 2678 1839 2743 filia
1861 2678 1972 2743 mundi

340 2781 479 2849 ludibrio
501 2782 656 2868 migraret
676 2783 720 2850 ad
743 2783 920 2850 Christum:
949 2804 1045 2866 quam
1068 2783 1204 2869 propriis
1227 2783 1386 2865 manibus,
1412 2789 1448 2848 ut
1470 2783 1588 2864 decuit,
1614 2782 1817 2848 venerandae
1839 2780 1973 2848 tradidit

341 2885 538 2970 sepulturae.
590 2888 652 2970 (48)
680 2886 707 2952 Ο
730 2887 852 2953 funeris
875 2887 996 2970 gloria,
1025 2907 1109 2971 quae
1131 2886 1246 2953 melior
1266 2887 1403 2952 habetur
1424 2906 1520 2969 quarn
1542 2886 1627 2968 4144,
1661 2885 1737 2970 quia
1759 2884 1844 2967 quod
1867 2891 1971 2950 terrae

342 2988 508 3075 subripuit,
535 2989 571 3056 in
593 2991 683 3056 caelo
705 2991 900 3057 transmisit!
936 2992 1031 3073 Vere,
1058 2997 1093 3055 ut
1115 3011 1175 3075 ego
1199 2989 1377 3072 considero,
1403 2990 1477 3074 plus
1500 2989 1560 3055 fuit
1582 3009 1678 3072 quam
1701 2988 1895 3069 resuscitari,
1923 2987 1971 3054 sic

340 3093 432 3158 mori.
480 3093 576 3160 04444
603 3094 689 3160 enim
716 3095 806 3160 salus
836 3101 886 3161 est
914 3114 977 3160 non
1000 3095 1209 3160 contaminari
1231 3094 1383 3180 peccatis.
1432 3091 1551 3172 Quanti
1575 3097 1746 3177 cuperent,
1779 3092 1875 3157 rebus
1897 3111 1970 3157 cum
1991 3110 2024 3153 44

339 3196 406 3261 vita
427 3197 564 3279 traditis,
591 3199 690 3264 talem
713 3199 882 3264 transitum
905 3219 1098 3284 comparare,
1127 3198 1154 3263 si
1170 3205 1378 3265 mercatorem
1393 3197 1527 3264 forsitan
1542 3196 1743 3261 14444144441
1772 3193 1858 3272 Quid
1872 3194 1971 3260 distat

339 3298 423 3366 inter
448 3298 602 3368 vivificati
631 3302 764 3369 infantis
794 3310 827 3368 44
848 3301 935 3369 111144
959 3302 1167 3368 mortificatae
1190 3302 1378 3386 mysterium
1386 3307 1402 3365 ⁴?
1437 3302 1533 3366 Illum
1556 3298 1759 3366 resuscitavit
1782 3298 1824 3362 ad
1847 3298 1971 3383 baptis-

339 3420 437 3488 mum,
463 3404 546 3471 hanc
567 3406 822 3492 praedestinavit
844 3406 887 3472 ad
909 3427 1053 3490 regnum,
1081 3406 1145 3472 nisi
1166 3405 1252 3490 quod
1273 3405 1307 3471 in
1328 3405 1386 3470 illo
1408 3405 1515 3471 adhuc
1538 3423 1613 3489 spes
1635 3402 1791 3488 peccandi
1813 3402 1965 3481 restabat,

339 3506 420 3573 haec
441 3507 647 3576 immaculata
668 3510 805 3577 finierat.
858 3513 918 3596 (49)
946 3509 1040 3589 Quod
1063 3531 1134 3576 cum
1156 3509 1294 3576 vidisset
1315 3516 1418 3574 mater
1438 3508 1554 3574 beatae
1568 3508 1675 3573 Abrae
1697 3526 1719 3571 4
1739 3505 1888 3591 pontifice
1911 3525 1970 3590 po-

340 3612 447 3694 stulat,
475 3619 510 3678 ut
532 3620 564 3679 et
584 3612 660 3699 ipsa
682 3615 709 3680 si
732 3622 908 3681 mereretur
930 3621 1040 3699 erepta
1063 3613 1103 3680 de
1119 3612 1231 3679 mundi
1247 3612 1379 3678 crimine
1394 3632 1465 3677 cum
1482 3612 1549 3676 filia
1564 3615 1823 3696 praesentaretur
1836 3608 1879 3675 ad
1894 3630 1970 3693 reg·
1990 3628 2021 3670 44

338 3733 426 3779 num.
468 3714 568 3783 Cuius
590 3725 665 3785 vota
688 3719 894 3785 considerans
918 3717 1051 3784 assidua
1073 3717 1216 3783 oratione
1239 3722 1272 3782 ct
1293 3716 1398 3800 ipsam
1422 3721 1497 3781 ante
1520 3733 1555 3780 se
1571 3712 1748 3779 transmisit
1761 3712 1803 3777 ad
1818 3711 1966 3796 gloriam.

344 3819 404 3903 (50)
433 3820 513 3899 Quis
535 3821 760 3888 aestimaturus
782 3829 840 3904 444,
868 3823 966 3888 talem
986 3821 1089 3888 virum
1109 3820 1155 3887 ita
1170 3820 1325 3887 dilexisse
1341 3818 1515 3902 dominum,
1542 3817 1686 3936 coniugis
1702 3825 1735 3883 ct
1749 3816 1836 3882 filiae
1851 3817 1969 3883 affectu

338 3931 542 4012 contempto?
577 3926 732 3993 Tamen
723 3949 757 3992 m
779 3926 840 3992 hoc
863 3925 966 4009 magis
988 3924 1063 3990 illas
1086 3943 1214 3989 amasse
1237 3921 1449 4008 cognoscitur,
1475 3942 1548 3988 cum
1570 3941 1628 4006 per
1641 3920 1749 4006 ipsum
1765 3920 1877 3985 lumini
1893 3941 1968 4005 per-

241 4030 318 4097 XIV
338 4034 436 4112 petuo
463 4029 709 4096 transferuntur
757 4030 836 4109 Quis
866 4050 941 4096 vero
968 4028 1199 4095 abundantiam
1222 4027 1387 4112 rigantis'
1378 4026 1501 4110 mgenii
1523 4025 1695 4091 contendat
1716 4024 1882 4108 44414444,
1913 4031 1970 4090 444

339 4132 409 4197 4144
439 4134 538 4198 verba
565 4135 672 4200 verbis
701 4135 809 4200 valeat
838 4139 1040 4216 exaequaret
1084 4130 1230 4209 Qualiter
1257 4133 1313 4197 ille
1343 4130 1501 4196 indivisae
1526 4128 1677 4195 trinitatis
1700 4128 1798 4192 libros
1821 4127 1894 4193 44114
1916 4133 1969 4192 tu-
1989 4149 2021 4189 44

338 4242 446 4302 mente
474 4238 651 4318 contexuit,
684 4244 741 4303 aut
769 4237 958 4322 scripturam
981 4235 1120 4302 Daritici
1150 4235 1301 4302 carminis
1331 4253 1478 4300 sermone
1500 4238 1665 4299 cotumato
1687 4251 1745 4316 per
1766 4230 1895 4319 singula
1917 4251 1970 4296 re-

339 4339 480 4405 44444141
528 4341 589 4424 (51)
616 4341 719 4420 Quam
743 4340 803 4406 fuit
820 4340 854 4404 in
870 4339 1061 4408 dissertione
1076 4338 1238 4423 providus,
1265 4338 1301 4403 iu
1316 4343 1452 4403 tractatu
1467 4335 1658 4421 profundus,
1684 4355 1741 4419 per
1756 4333 1968 4399 litteraturam

339 4443 511 4527 eloquens,
536 4464 595 4529 per
616 4445 765 4511 virtutem
788 4444 963 4526 mirabilis,
988 4443 1022 4508 in
1045 4442 1319 4527 complexionibus
1342 4441 1529 4526 multiplex,
1555 4439 1589 4504 in
1610 4437 1804 4504 resolutione
1826 4437 1964 4519 subtilis,

338 4553 464 4613 astutus
485 4546 577 4613 iuxta
599 4549 788 4633 prophetam
811 4554 846 4612 ut
868 4567 1017 4645 serpens,
1045 4546 1210 4612 columbae
1234 4544 1389 4630 simplicis
1412 4543 1549 4628 gratiam
1572 4562 1636 4607 non
1657 4541 1822 4623 amittens,
1848 4539 1968 4605 conditi

339 4650 431 4716 sal
422 4651 560 4735 ingenii,
598 4650 669 4717 fons
699 4651 868 4735 loquendi,
904 4651 1075 4715 thesaurus
1104 4648 1275 4732 scientiae,
1313 4649 1368 4713 lux
1399 4645 1578 4728 doctrinae,
1616 4643 1767 4710 defensor
1794 4643 1964 4727 ecclesiae,
1986 4664 2019 4706 ro

427 4963 696 5014 ieschecummusv
810 4962 936 5032 31111444]
954 4979 1038 5013 meum
1057 4963 1157 5014 oddl'
1259 4961 1493 5024 5expentrntcV
1595 4957 1704 5008 terral'
1805 4956 1972 5006 bruhorel'

339 5047 438 5119 84414]
457 5052 546 5101 444411
647 5053 827 5101 ostenditurl'
931 5052 962 5103 12
981 5049 1023 5118 de]
1043 5052 1108 5101 inV
1210 5045 1403 5115 estiugressus]
1421 5048 1525 5108 ingessit
1541 5045 1586 5109 (V)
1696 5043 1726 5094 13
1744 5043 1970 5093 4441414444441411

342 5139 374 5189 14
394 5138 581 5187 miraculuml'
686 5138 715 5188 15
734 5154 821 5201 aprum
831 5140 1013 5201 plerumqucl'
1117 5135 1302 5197 18144414(1’)
1403 5130 1503 5200 414144]
1521 5132 1644 5181 44444411
1748 5130 1778 5179 19
1798 5131 1930 5193 uellet(V)

339 5228 525 5291 prouidebrtl'
625 5226 656 5277 21
677 5229 709 5277 de
721 5227 848 5290 praesenti
861 5223 925 5293 11114]
938 5240 965 5274 se
978 5229 1109 5287 praesente
1122 5225 1175 5272 filiu
1187 5224 1218 5272 de
1232 5223 1321 5271 muudi
1336 5223 1379 5284 (V)
1477 5215 1616 5285 praesenti]
1631 5217 1663 5266 6¹
1767 5216 1970 5265 22144114411441

338 5313 372 5364 24
390 5311 511 5382 44414](1
632 5317 669 5364 414
688 5312 1052 5377 44441444444444441444411
1177 5307 1431 5359 261444414444411
1549 5304 1583 5354 29
1601 5321 1614 5352 4
1632 5299 1763 5369 pontifice]
1781 5303 1969 5366 pontlhcemV

339 5401 371 5451 30
390 5404 413 5451 si
430 5397 578 5469 mereretur]
596 5402 669 5451 slcV
770 5399 801 5449 33
820 5400 911 5447 lumini
930 5393 1065 5463 perpetuo]
1083 5397 1114 5445 44
1132 5397 1220 5444 lumen
1241 5393 1430 5458 perpetuuml'
1531 5391 1750 5452 34144144441411
1851 5390 1883 5438 35
1902 5404 1966 5452 qua-

337 5488 397 5537 liter
413 5516 449 5525 -
467 5488 500 5539 31
517 5484 651 5556 prouidus]
675 5489 783 5551 qualiter
807 5487 851 5535 ille
875 5486 950 5534 libros
974 5490 1058 5533 contra
1080 5484 1128 5531 arii
1145 5483 1274 5545 perfidiam
1293 5480 1477 5544 promulgauIt,
1503 5479 1625 5541 quomodo
1642 5478 1735 5526 librum
1753 5479 1904 5539 psalmorum
1922 5491 1967 5539 per

337 5578 437 5638 singula
454 5576 600 5626 cothurnato
617 5590 731 5625 sermone
749 5574 897 5635 rescrnault,
918 5572 946 5621 14
964 5571 1111 5631 hymnorum
1131 5572 1208 5618 etium
1226 5570 1305 5618 fuerit
1322 5568 1475 5616 dissertione
1493 5571 1594 5627 paratus
1616 5563 1638 5611 Υ
1757 5564 1788 5612 35
1807 5561 1861 5631 1114]
1878 5579 1926 5613 om.
1948 5564 1969 5609 V

338 5662 371 5713 34
389 5665 482 5726 scripta
500 5663 544 5726 (V)
670 5660 848 5711 commane-V
985 5657 1017 5708 39
1035 5653 1193 5723 prophetam]
1211 5658 1287 5704 immo
1305 5656 1416 5717 prudeus
1435 5655 1507 5702 iuxta
1525 5651 1621 5701 domini
1639 5664 1725 5699 nocem
1743 5650 1801 5698 444.
1821 5651 1908 5712 cctp.;
1927 5649 1962 5710 cs.

338 5750 427 5800 144114.
450 5751 490 5812 10,
512 5752 561 5797 16:
580 5751 718 5813 prudentes
736 5751 804 5798 sicut
821 5756 951 5810 serpentes
