4374 6186
317 393 359 456 32
924 388 1093 444 VENANTI
1111 389 1333 445 FORTVNATI

203 576 296 642 XVII
409 580 469 662 (47)
499 579 579 644 Item
610 578 685 643 dum
716 577 874 661 quaedam
906 579 1020 643 mulier
1049 586 1179 663 arrepta
1206 601 1227 644 a
1256 581 1399 663 maligno
1430 581 1559 665 spiritu,
1594 602 1628 646 se
1659 583 1845 648 beatissimo
1876 583 1944 648 viro

317 682 434 749 Albino
464 682 643 747 vociferans
672 689 705 746 ct
731 682 878 746 heiulans
901 691 1155 767 praesentasset,
1190 704 1263 748 mox
1285 684 1492 749 adversarius
1514 684 1583 768 ipsc
1607 704 1702 769 supra
1726 686 1795 750 eius
1818 687 1945 750 oculum

315 786 349 851 in
381 785 622 851 similitudinem
653 784 780 851 vesicae
811 785 1008 868 sanguineae
1039 806 1073 851 se
1105 786 1245 869 collegit.
1298 790 1357 870 (18)
1386 788 1477 852 'Iunc
1506 787 1649 870 pontifex
1673 788 1795 853 faciens
1818 789 1944 871 signum

317 890 419 955 crucis
441 889 620 973 increpavit
642 909 731 968 eum,
760 887 886 953 dicens:
922 889 1071 970 Inimice,
1099 891 1225 954 oculum
1248 910 1343 972 quom
1367 911 1429 954 non
1452 890 1571 955 dedisti
1594 912 1653 956 nce
1676 893 1780 976 possis
1803 893 1941 958 auferre.

316 994 390 1058 Mox
419 993 459 1057 de
491 992 677 1057 collectione
707 991 779 1075 ipsa
807 992 840 1055 in
871 991 1072 1059 flebotomiae
1102 992 1346 1059 similitudinem
1377 994 1537 1059 subtiliter
1566 995 1698 1076 sanguis
1728 996 1847 1079 erupit,
1883 1017 1978 1078 quos

316 1095 434 1162 fluente
469 1096 537 1161 sine
572 1095 716 1161 laesione
750 1095 833 1160 oculi
868 1095 1041 1161 inmundus
1075 1097 1176 1162 bostis
1210 1097 1340 1161 evanuit
1371 1104 1403 1161 ct
1432 1098 1542 1181 puella
1572 1099 1737 1164 incolomis
1767 1100 1945 1184 imperante

317 1199 410 1282 signo
433 1199 535 1264 crucis
559 1199 673 1264 evasit.

185 1301 296 1367 XVIII
410 1303 470 1385 (49)
499 1301 564 1367 Sed
587 1308 618 1367 et
640 1303 700 1366 hoc
722 1302 997 1383 magnanimitatis
1020 1304 1203 1387 exemplum
1226 1309 1414 1388 oportunum
1439 1303 1564 1368 ducitur
1586 1304 1827 1389 explicandum,
1859 1308 1945 1388 quod

314 1426 372 1490 pro
402 1405 455 1471 dci
485 1406 613 1488 negotio
643 1405 731 1489 apud
761 1426 832 1470 eurn
863 1427 925 1470 non
957 1405 1053 1470 fuerit
1083 1406 1151 1471 ulla
1181 1427 1292 1489 regum
1325 1413 1551 1490 potentumque
1581 1409 1760 1491 personalis
1786 1410 1941 1493 acceptio.

315 1509 462 1591 Denique
493 1509 535 1574 ad
565 1509 726 1574 cumulum
757 1509 908 1573 caelestis
938 1509 1063 1591 gratiae
1094 1509 1344 1590 conquirendum
1375 1509 1568 1575 incestarum
1599 1512 1781 1595 nuptiarum
1811 1533 1943 1578 execra-
1965 1534 1994 1574 10

315 1613 397 1678 biles
420 1613 642 1697 copulationes
665 1612 732 1677 iuro
756 1613 1011 1696 condempnans,
1042 1613 1171 1677 beatum
1196 1612 1370 1677 Iohannem
1394 1614 1723 1697 inreprehensibiliter
1744 1616 1940 1681 imitabatur.

320 1719 380 1800 (50)
409 1717 536 1794 Quanta
564 1737 639 1781 vcro
670 1716 744 1782 inde
775 1716 979 1798 sustinuerit,
1014 1717 1122 1780 nullus
1152 1716 1248 1798 digne
1277 1716 1393 1800 poterit
1422 1717 1601 1801 explicare:
1637 1718 1794 1802 siquidem
1824 1728 1945 1804 martyr

316 1819 402 1884 effici
426 1828 567 1904 cuperet,
595 1821 623 1884 si
646 1842 709 1886 uon
732 1820 890 1885 defuisset
912 1820 1045 1885 dextera
1068 1821 1273 1904 percussoris,
1303 1820 1359 1884 sed
1383 1822 1492 1904 procul
1517 1821 1613 1886 dubio
1637 1823 1777 1906 palmam
1799 1824 1944 1907 martyrii

314 1924 430 1989 meruit
457 1925 512 2006 qui
541 1925 607 1988 voti
635 1924 798 1988 desideria
828 1944 890 1988 non
920 1924 1098 1988 abscondit.
1151 1925 1211 2007 (51)
1240 1923 1331 1989 Vnde
1364 1932 1490 2008 praeter
1519 1925 1646 1990 labores
1677 1926 1817 2008 reliquos
1847 1927 1942 1992 etiam

315 2047 373 2113 per
402 2027 544 2112 synodos
575 2048 632 2112 pro
662 2027 735 2111 ipsa
765 2048 864 2092 causa
895 2028 1024 2111 saepius
1053 2027 1208 2092 excitatas
1240 2048 1428 2110 excurram,
1462 2028 1504 2092 ad
1535 2036 1730 2112 postremum
1753 2051 1848 2112 qnam
1870 2032 1943 2114 plu·
1966 2053 1994 2091 15

315 2130 398 2196 rium
428 2131 648 2216 episcoporum
678 2131 873 2196 iniunctione
903 2139 937 2196 ut
960 2132 1249 2196 excommunicatas
1272 2153 1292 2196 a
1315 2152 1350 2197 se
1373 2152 1527 2215 personas
1550 2133 1732 2198 absolveret
1752 2134 1784 2197 vi
1808 2133 1941 2198 fratrum

316 2241 444 2300 coactus
467 2241 526 2300 est.
578 2237 639 2318 (51)
667 2235 800 2300 Etcum
823 2241 1007 2317 rogaretur,
1033 2241 1069 2300 ut
1091 2235 1247 2317 eulogias,
1276 2254 1356 2318 quas
1379 2235 1494 2317 reliqui
1517 2237 1684 2301 antestites
1707 2236 1750 2300 ad
1773 2258 1942 2321 personam

315 2339 537 2404 communione
566 2357 755 2422 suspensam
787 2339 963 2421 dirigentes
987 2339 1236 2420 benedixerant,
1269 2339 1393 2423 etipse
1417 2339 1576 2421 signaret,
1611 2340 1656 2404 ait
1678 2341 1721 2404 ad
1744 2340 1942 2405 sacerdotale

316 2442 499 2508 concilium:
527 2442 598 2508 Etsi
620 2441 662 2506 ad
685 2442 853 2527 imperium
877 2451 1018 2508 vestrum
1042 2463 1102 2526 ego
1126 2443 1255 2526 signare
1278 2443 1456 2527 conpellor,
1484 2443 1558 2507 durn
1583 2464 1639 2509 vos
1663 2464 1792 2509 eausam
1816 2444 1869 2509 dei
1892 2464 1943 2508 re·
2000 2450 2001 2453 ’

315 2547 433 2613 casatis
458 2546 649 2630 defendere,
675 2547 745 2631 ipse
769 2554 881 2631 potens
904 2555 953 2613 est
975 2548 1151 2612 vindicare.
1203 2549 1263 2630 (53)
1292 2548 1361 2625 Quo
1385 2548 1486 2630 facto,
1521 2555 1691 2630 antequam
1716 2547 1861 2631 eulogias
1885 2568 1942 2612 ex·
1963 2569 1992 2610 ro

315 2651 546 2715 communicata
576 2671 713 2735 persona
741 2651 776 2715 in
807 2672 861 2716 ore
892 2651 1085 2736 susciperet,
1122 2651 1297 2735 expiravit,
1331 2658 1363 2717 et
1386 2651 1573 2736 priusquam
1596 2652 1727 2734 portitor
1748 2652 1939 2736 perveniret,

316 2774 421 2820 sermo
445 2755 619 2821 sacerdotis
643 2755 789 2835 obtinuit,
816 2755 871 2838 qui
893 2755 992 2821 etiam
1015 2755 1057 2820 ad
1079 2756 1208 2820 beatum
1232 2755 1419 2821 Caesarium
1435 2755 1657 2821 arelatensem
1680 2756 1864 2839 praesulem
1886 2776 1942 2840 pro

315 2858 389 2944 ipsa
411 2879 510 2925 causa
533 2860 734 2925 consulturus
757 2859 902 2923 occurrit.

214 2961 295 3027 XIX
410 2965 471 3046 (54)
499 2963 565 3027 Sed
587 2963 663 3044 quia
685 2963 754 3027 eius
777 2961 906 3044 singula
927 2982 989 3026 non
1012 2962 1158 3027 valemus
1183 2968 1337 3044 retexere,
1369 2961 1508 3026 sufficiat
1531 2960 1572 3026 de
1594 2962 1740 3045 plurimis
1764 2963 1815 3026 vel
1838 2983 1943 3046 pauca

315 3065 447 3132 dixisse.
495 3065 582 3131 Illud
613 3086 738 3149 quoque
761 3065 940 3131 beatissimi
962 3066 1177 3130 testimonium
1201 3066 1338 3131 viventis
1361 3072 1434 3150 post
1456 3065 1576 3132 obitum
1599 3066 1814 3131 necessarium
1838 3067 1941 3131 credi·
1962 3087 1992 3127 25

315 3190 386 3236 mus
416 3190 494 3256 prae
524 3170 638 3236 ceteris
667 3170 910 3254 explicandum,
944 3169 1020 3252 quia
1049 3170 1124 3235 licet
1153 3176 1300 3235 teneatur
1330 3171 1475 3234 clausurn
1507 3189 1619 3253 corpus
1650 3169 1720 3234 eius
1749 3169 1783 3233 in
1804 3170 1936 3251 tumulo,

316 3280 457 3340 attamen
488 3274 564 3339 iusti
593 3273 720 3338 animae
752 3293 873 3339 merces
903 3274 1091 3340 exuberavit
1119 3274 1154 3339 in
1183 3274 1331 3338 fructum.
1385 3277 1444 3356 (55)
1473 3273 1576 3356 Igitur
1605 3294 1676 3338 cum
1707 3279 1836 3338 sanctus
1860 3274 1942 3338 Ger-

314 3399 429 3445 manus
463 3378 631 3463 episcopus
665 3378 717 3442 vel
747 3377 1023 3461 conprovinciales
1054 3398 1092 3443 ac
1122 3377 1265 3462 pontifex
1295 3397 1462 3443 successor
1492 3377 1561 3441 cius
1591 3383 1623 3442 et
1652 3378 1790 3461 populus
1820 3377 1942 3442 vellent

314 3484 457 3548 membra
487 3482 589 3546 sancti
620 3481 653 3545 in
682 3502 797 3546 novam
827 3481 994 3547 basilicam
1025 3482 1139 3546 devote
1163 3488 1369 3564 transponere
1393 3486 1425 3546 et
1447 3488 1575 3564 propter
1598 3481 1735 3546 cellulae
1758 3480 1940 3563 angustiam

314 3585 348 3652 in
378 3607 442 3670 qua
472 3584 618 3651 conditus
649 3584 753 3651 fuerat
782 3606 845 3649 non
872 3585 1001 3650 daretur
1024 3585 1106 3649 sacri
1130 3584 1271 3675 corporis
1294 3584 1484 3649 extrahendi
1507 3584 1654 3664 licentia,
1688 3584 1809 3650 cunctis
1832 3584 1941 3649 haesi·
1961 3606 1991 3645 ao

313 3690 455 3756 tontibus
479 3696 511 3755 et
532 3688 661 3754 incertis
684 3688 760 3772 quid
783 3695 934 3771 agerent,
966 3687 1050 3753 curis
1074 3687 1283 3772 popularibus
1307 3707 1341 3752 se
1364 3686 1465 3751 virtus
1488 3687 1666 3752 beatissimi
1688 3687 1749 3752 viri
1771 3686 1941 3752 mediatrix

312 3792 486 3859 interserit.
538 3794 599 3875 (56)
627 3793 711 3856 Nam
734 3791 978 3875 expectantibus
1001 3792 1147 3856 omnibus
1171 3799 1203 3857 et
1225 3791 1305 3855 nihil
1328 3790 1599 3871 deliberantibus,
1634 3798 1766 3874 repente
1789 3799 1867 3856 nutu
1891 3791 1942 3855 di-

313 3897 387 3963 vino
417 3896 551 3963 discisso
582 3897 705 3988 pariete
735 3897 872 3962 cellulae
900 3895 955 3979 qui
986 3903 1055 3961 erat
1084 3896 1127 3960 ad
1158 3895 1257 3979 pedes
1280 3894 1367 3976 eius,
1401 3903 1533 3978 aparte
1556 3895 1704 3961 orientali
1726 3901 1792 3960 tres
1815 3894 1940 3979 lapides

316 4000 513 4080 deciderunt,
542 4000 665 4064 scilicet
687 3999 762 4065 dato
787 3999 889 4082 signo,
916 4020 973 4083 per
994 4001 1123 4082 qualem
1148 4000 1251 4064 locum
1275 4019 1310 4063 se
1333 3998 1457 4063 iuberet
1480 3999 1574 4064 educi
1596 4020 1702 4084 posse.

230 4105 294 4170 XX
408 4107 469 4189 (57)
496 4105 624 4169 Interea
646 4104 730 4169 facto
753 4104 852 4185 aditu,
880 4104 955 4168 dum
979 4110 1151 4168 concentus
1174 4103 1380 4188 psallentium
1404 4102 1446 4167 ad
1469 4111 1615 4168 sanctum
1638 4103 1842 4186 sepulchrum
1866 4122 1940 4186 pro·
1961 4123 1991 4164 rs

314 4209 474 4292 graditur,
509 4209 541 4273 in
573 4209 642 4273 loco
672 4228 729 4290 per
758 4228 853 4288 quem
876 4212 926 4272 est
948 4207 1081 4272 eductus
1105 4207 1211 4291 palmn
1234 4212 1299 4271 tres
1323 4206 1493 4290 paralytici
1515 4206 1579 4270 iam
1604 4205 1658 4271 diu
1682 4206 1844 4290 desperati
1867 4206 1941 4270 red-

314 4313 373 4379 diti
396 4321 470 4379 sunt
493 4313 623 4377 sanitati
647 4332 684 4376 ac
707 4310 797 4376 nervi
820 4311 1013 4394 praemortui
1036 4311 1188 4376 vivificari
1212 4310 1392 4375 didicerunt
1415 4310 1455 4375 de
1475 4310 1595 4374 meritis
1612 4310 1742 4393 sepulti,
1769 4308 1940 4391 statimque

314 4416 377 4481 duo
407 4416 495 4481 caeci
525 4423 598 4481 sunt
628 4415 747 4500 pariter
774 4415 955 4480 inluminati
985 4416 1115 4480 tandem
1145 4414 1320 4497 aliquando
1344 4421 1508 4479 sumentes
1532 4414 1653 4478 lumina
1676 4413 1741 4478 diei
1764 4414 1804 4478 ab
1827 4412 1942 4476 umbra

315 4519 466 4597 defuncti,
494 4520 641 4583 nimirum
665 4526 877 4602 agnoscentes
900 4520 969 4584 eius
993 4519 1188 4585 adminiculo
1212 4538 1247 4583 se
1270 4538 1366 4602 posse
1389 4519 1497 4582 lumen
1521 4516 1683 4599 consequi,
1711 4516 1802 4581 cuius
1825 4515 1941 4581 virtute

314 4623 471 4708 potuisset
493 4623 601 4708 paries
625 4621 804 4688 fenestrari.
857 4626 917 4707 (58)
946 4623 1006 4687 His
1030 4629 1062 4687 et
1084 4623 1352 4704 consequentibus
1375 4620 1509 4686 infinitis
1531 4620 1712 4701 miraculis,
1741 4620 1802 4684 etsi
1825 4619 1990 4683 summias

313 4727 472 4812 pontificis
503 4728 645 4793 membra
674 4728 830 4793 recubant
858 4727 890 4791 in
922 4727 1118 4811 sepulchris,
1151 4733 1291 4791 attamen
1322 4746 1379 4809 pcr
1408 4724 1559 4790 creatoris
1589 4723 1726 4806 gratiam
1752 4724 1786 4787 in
1809 4729 1941 4788 aeterna

314 4833 444 4897 saecula
473 4831 586 4896 vivunt
615 4832 728 4900 merita
757 4830 958 4896 confessoris.
1011 4832 1072 4912 (59)
1101 4829 1161 4895 Η10
1190 4831 1298 4913 itaque
1330 4829 1460 4894 caelesti
1487 4829 1569 4893 dono
1592 4828 1786 4893 venerandis
1809 4826 1939 4891 fioribus

312 4935 504 5019 adornatus,
538 4937 653 5018 viginti
683 4936 775 5000 annis
799 4945 830 5000 et
854 4956 911 5000 sex
930 4921 1099 5000 'mensibus
1122 4934 1338 5019 pontificalem
1361 4933 1486 5018 apicem
1509 4931 1728 4997 ecclesiastica
1751 4930 1941 5013 regulariter

401 5128 428 5178 ι(
450 5131 526 5191 xpoc..
551 5129 589 5191 ro,
611 5129 635 5177 a.

315 5234 425 5241 --—-
466 5234 726 5241 -„.-.--...-.-.-

399 5287 413 5334 5
432 5287 539 5333 neoromi
559 5285 581 5330 Ε
712 5282 739 5332 11
761 5279 957 5349 condempnans]
975 5282 1008 5342 es.
1030 5297 1098 5332 cone.
1120 5283 1206 5332 Aurei.
1229 5283 1283 5343 111,
1304 5297 1324 5332 c.
1349 5284 1396 5331 10:
1416 5281 1447 5328 de
1466 5281 1569 5329 Incertis
1588 5280 1804 5328 coniunctionibus
1823 5281 1940 5338 itaquae

311 5379 372 5422 0001
390 5379 483 5421 0101010
502 5377 635 5420 seruentur
769 5371 799 5419 ll
820 5366 884 5436 uoti]
905 5371 927 5417 Ii
944 5384 1000 5417 curn
1019 5369 1101 5431 Surio,
1123 5371 1203 5418 uetita
1223 5369 1289 5417 Mac.
1424 5367 1456 5416 17
1476 5381 1609 5427 germanus
1627 5362 1771 5432 episcopus]
1790 5367 1939 5426 parisiorum

311 5461 369 5509 add.
391 5459 494 5518 Suriae,
521 5473 652 5521 germanus
671 5460 876 5520 parisiacensium
895 5460 1025 5520 episcopus
1046 5457 1124 5519 Mac,
1151 5456 1187 5517 es.
1208 5457 1316 5505 chartam
1334 5455 1431 5518 Nefinpi
1449 5471 1471 5503 a.
1495 5455 1553 5503 972.
1585 5453 1671 5501 dutum
1692 5453 1767 5513 (carr.
1792 5453 1845 5500 Chr.
1867 5451 1936 5514 xlv,

312 5552 381 5598 iactr.
400 5563 427 5608 0.
449 5548 524 5608 llll:
546 5547 626 5594 sciant
644 5547 721 5604 igitur
739 5558 894 5593 successores
914 5545 994 5592 nostri
1012 5545 1141 5592 ecclesium
1160 5547 1239 5592 sancti
1258 5544 1349 5602 albini,
1370 5556 1433 5604 quae
1452 5557 1466 5589 a
1483 5547 1567 5589 sancto
1586 5555 1701 5600 germano
1719 5541 1865 5603 parisiorum
1884 5540 1939 5600 epi·

312 5648 384 5697 scopo
402 5635 532 5682 uoluntate
551 5638 577 5679 ct
595 5635 698 5694 Imperio
717 5632 865 5679 childeberti
884 5633 949 5692 tegle
968 5637 1027 5679 anto
1045 5639 1140 5693 portam
1159 5631 1342 5691 andeganensis
1355 5630 1424 5677 urbis
1438 5643 1528 5678 uersus
1540 5629 1661 5677 orientem
1674 5628 1778 5676 fundata
1792 5632 1831 5676 est
1843 5641 1862 5677 e.
1879 5642 1901 5687 q.
1917 5640 1936 5674 r.

311 5719 344 5771 38
362 5721 410 5768 dno
429 5716 506 5785 caeci]
527 5719 705 5780 1101800100,
726 5718 855 5768 duodecim
876 5719 941 5768 Mcb.
1049 5719 1081 5766 43
1102 5714 1158 5784 sex]
1176 5723 1273 5780 septem
1299 5719 1318 5765 Υ
