4374 6186
924 406 1017 462 VITA
1037 406 1151 462 BEATI
1170 405 1355 461 IIAVRILII.
1913 408 1952 470 [53

323 620 386 684 que
408 600 528 665 idolum
552 599 746 665 destruxerit
768 605 801 663 et
822 598 993 663 ecclesiam
1016 596 1061 661 ibi
1083 596 1295 662 construxerit
1317 603 1350 661 et
1372 597 1575 679 postmodum
1597 597 1688 661 illam
1712 595 1826 660 diebus
1845 594 1954 660 multis

323 703 494 769 incoluerit
516 709 548 768 et
570 703 688 768 multas
710 700 754 766 ibi
778 720 837 785 per
859 719 932 764 eum
956 698 1103 764 dominus
1126 699 1260 765 virtutes
1282 698 1405 765 fecerit.

298 838 301 847 ·
410 805 469 869 III.
496 805 641 883 Qualiter
662 805 696 870 in
718 804 911 869 Pociaceuse
935 802 1015 867 villa
1036 801 1198 884 quendam
1222 800 1382 868 hominem
1405 802 1576 868 Saturnum
1599 802 1726 868 nomine
1749 801 1862 867 ambas
1885 822 1955 866 ma-

323 927 385 972 nus
409 927 449 971 ex
472 915 561 974 utero
585 908 696 972 matris
719 927 797 972 suae
820 906 929 971 aridas
952 904 1124 971 habentem
1147 911 1234 970 tactu
1258 911 1290 971 et
1312 903 1534 971 benedictione
1557 903 1693 970 sanavit.

290 1037 303 1074 s
410 1010 463 1074 IV.
491 1011 636 1087 Qualiter
663 1009 823 1092 quandam
854 1008 1020 1073 mulierem
1043 1008 1293 1074 Namnetensem
1323 1009 1389 1074 solo
1420 1009 1536 1074 intuitu
1567 1030 1587 1073 a
1615 1007 1784 1074 daemonio
1806 1007 1956 1074 liberavit

324 1120 356 1179 et
379 1113 581 1198 postmodum
605 1113 633 1178 ei
658 1113 766 1178 lumen
788 1111 941 1177 reddidit.

410 1215 449 1280 V.
475 1216 622 1294 Qualiter
652 1215 811 1297 quendam
842 1232 991 1298 pecorum
1021 1220 1183 1298 pastorem
1206 1233 1300 1296 quem
1323 1214 1434 1299 vipera
1456 1215 1668 1281 momorderat
1690 1214 1731 1280 de
1753 1214 1859 1280 saliva
1881 1235 1955 1298 pro-

323 1319 394 1404 pria
418 1319 509 1402 signo
533 1319 636 1384 crucis
659 1337 756 1403 super
777 1318 968 1383 vulnusculo
991 1316 1114 1382 bestiae
1137 1316 1286 1402 imposito
1309 1318 1446 1383 sanavit.

410 1422 466 1487 VI.
492 1422 638 1499 Qualiter
667 1421 795 1487 cuidam
825 1420 984 1505 pernobili
1006 1426 1172 1486 matronae
1197 1420 1296 1486 sterili
1322 1420 1421 1485 lilium
1445 1421 1665 1506 impetraverit
1686 1422 1856 1505 ipsumque
1880 1422 1956 1486 abs-

275 1549 304 1590 re
325 1545 387 1607 que
417 1525 500 1591 dono
530 1523 727 1610 septiformis
750 1523 881 1609 spiritus
904 1523 1007 1589 sancti
1029 1523 1215 1589 defunctum
1239 1532 1311 1608 post
1334 1525 1504 1608 septimum
1529 1524 1740 1608 depositionis
1762 1543 1880 1589 annum
1903 1544 1955 1589 re·

324 1629 527 1693 suscitaverit
557 1634 589 1692 et
617 1626 817 1712 postmodum
848 1634 884 1692 ut
911 1634 983 1711 post
1012 1646 1048 1692 se
1079 1627 1249 1711 episcopus
1279 1627 1523 1693 Andecavorum
1553 1627 1644 1693 fieret
1672 1626 1760 1712 apud
1791 1626 1954 1692 dominum

325 1731 509 1796 obtinuerit.

410 1832 482 1897 VII.
509 1832 655 1910 Qualiter
683 1832 715 1896 in
738 1832 870 1916 praedio
893 1833 1021 1897 nomine
1045 1832 1204 1898 Prisciaeo
1227 1833 1364 1898 alterum
1388 1832 1508 1898 idolum
1532 1833 1660 1899 domino
1682 1840 1873 1917 cooperante
1897 1834 1955 1899 de-

325 1935 475 2001 struxerit
497 1945 529 2000 et
551 1935 753 2020 postmodum
776 1935 821 2000 ibi
846 1935 1032 2001 honorabile
1056 1936 1285 2001 monasterium
1308 1936 1530 2002 construxerit.

276 2065 304 2104 rs
411 2038 498 2103 VIII.
525 2039 671 2116 Qualiter
698 2039 858 2120 quendam
889 2037 1078 2105 monachum
1106 2037 1192 2104 datis
1216 2039 1413 2104 solummodo
1437 2039 1575 2122 eulogiis
1599 2060 1619 2104 a
1642 2039 1842 2105 validissima
1865 2039 1954 2104 febre

324 2161 419 2224 quam
442 2161 500 2225 per
521 2148 586 2207 tres
609 2160 709 2206 annos
732 2142 909 2225 pertulerat
930 2142 1068 2206 sanavit.

411 2244 468 2308 IX.
495 2243 641 2322 Qualiter
671 2244 833 2328 captivum
864 2245 919 2327 qui
943 2244 1133 2310 vendendus
1156 2244 1334 2311 ducebatur
1356 2266 1376 2310 a
1399 2246 1529 2312 servitio
1552 2246 1739 2313 liberaverit
1760 2253 1793 2311 et
1814 2252 1955 2330 postmo-

326 2347 401 2412 dum
423 2347 659 2430 negociatorem
683 2347 845 2412 dominum
870 2347 974 2432 ipsius
997 2347 1037 2413 de
1061 2355 1160 2413 morte
1183 2349 1432 2415 resuscitaverit.

410 2450 452 2514 X.
479 2450 623 2528 Qualiter
648 2451 681 2514 in
705 2450 830 2534 Ligeris
854 2448 984 2516 flumine
1006 2451 1162 2534 quosdam
1185 2451 1392 2535 navigatores
1415 2452 1618 2536 naufragium
1642 2451 1840 2538 perferentes
1861 2452 1955 2534 signo

271 2577 304 2617 ao
325 2561 457 2619 sanctae
480 2555 583 2619 crucis
606 2554 801 2620 liberaverit.
1739 2605 1744 2614 .

410 2656 468 2720 XI.
495 2656 641 2734 Qualiter
668 2657 830 2740 quendam
861 2658 1016 2723 latronem
1046 2658 1100 2741 qui
1122 2658 1261 2724 asellum
1284 2659 1386 2744 ipsius
1409 2659 1533 2725 furatus
1556 2665 1626 2725 erat
1648 2666 1810 2742 arreptum
1833 2679 1854 2722 a
1876 2658 1955 2722 dae-

324 2759 430 2824 monio
453 2760 649 2826 liberaverit.

410 2861 484 2926 XII.
511 2863 656 2940 Qualiter
684 2864 846 2945 quandam
877 2871 1056 2929 matronam
1078 2863 1239 2929 Ameliam
1270 2865 1396 2930 nomine
1427 2865 1563 2932 visitans
1594 2866 1663 2931 sola
1692 2865 1874 2931 inunctione
1902 2884 1956 2930 sa·
2080 2944 2082 2950 ,

324 2964 460 3030 neverit.

273 3091 304 3131 ss
410 3067 502 3132 XIII.
529 3068 675 3145 Qualiter
698 3068 738 3134 de
762 3069 831 3134 vico
848 3069 994 3135 (lalonna
1016 3076 1048 3135 et
1070 3089 1130 3135 sua
1153 3070 1283 3154 propria
1305 3071 1444 3137 ecclesia
1466 3091 1524 3156 per
1546 3073 1610 3137 vim
1634 3079 1798 3139 extractus
1820 3072 1862 3138 ad
1885 3072 1955 3155 epi·

324 3177 475 3254 soopatus
497 3171 647 3237 honorem
671 3192 729 3257 per
752 3173 883 3238 beatum
906 3173 1078 3238 Martinum
1094 3175 1292 3238 Turonorum
1316 3175 1593 3260 archiepiscopum
1616 3182 1648 3242 et
1670 3175 1827 3259 reliquum
1851 3196 1955 3260 popu-

323 3272 390 3338 lum
413 3274 526 3357 spiritu
550 3282 662 3340 sancto
685 3276 719 3340 in
741 3276 849 3360 specie
873 3276 1110 3341 demonstrante
1132 3277 1299 3342 columbae
1322 3278 1444 3343 electus
1467 3285 1501 3343 et
1522 3278 1687 3345 ordinatus
1711 3279 1764 3345 sit.

410 3377 497 3441 XIV.
524 3378 638 3456 Qualis
665 3386 737 3463 post
759 3379 992 3445 ordinationem
1016 3379 1130 3444 beatus
1153 3380 1322 3444 Maurilius
1344 3382 1487 3447 extiterit
1509 3383 1642 3465 etquid
1665 3402 1721 3467 pro
1745 3403 1783 3448 co
1806 3382 1954 3449 dominus

323 3478 507 3562 frequenter
530 3489 680 3566 operatus
703 3481 811 3546 fuerit.

273 3606 330 3644 ae.
411 3583 481 3647 XV.
507 3585 569 3649 Vbi
592 3584 752 3665 quendam
776 3604 816 3649 ex
840 3591 929 3649 utero
953 3584 1165 3649 matrissuae
1189 3604 1319 3651 caecum
1343 3586 1435 3668 signo
1458 3594 1590 3653 sanotae
1613 3588 1716 3653 crucis
1745 3588 1951 3653 illuminavit.

410 3686 497 3748 XVI.
524 3686 671 3764 Qualiter
694 3708 826 3770 puerum
850 3686 891 3752 de
914 3707 976 3770 quo
1000 3687 1270 3771 supradiximus,
1299 3689 1445 3769 quisine
1469 3690 1629 3757 crismatis
1651 3691 1733 3756 dono
1757 3698 1949 3771 excesserat,

323 3807 417 3870 quem
447 3796 536 3854 trans
559 3810 646 3855 mare
669 3790 793 3874 positus
815 3810 872 3873 per
895 3808 946 3854 vrr
969 3810 1071 3855 annos
1094 3791 1280 3874 planxerat,
1314 3800 1385 3876 post
1408 3793 1580 3877 septimum
1603 3793 1812 3878 depositionis
1836 3812 1954 3858 annum

323 3889 507 3955 Andecavis
530 3898 694 3958 revertens
717 3893 965 3974 resuscitaverit,
993 3914 1086 3978 quern
1111 3894 1217 3973 etiam,
1246 3892 1322 3958 dum
1345 3896 1556 3975 confirmaret,
1582 3898 1741 3962 Ronatum
1765 3897 1949 3976 nominavit,

324 4001 356 4057 et
378 4001 451 4075 post
473 4014 507 4059 se
531 4004 566 4059 ut
588 3995 756 4080 episcopus
780 3995 871 4062 fleret
893 3996 1136 4062 Andecavorum
1160 4017 1231 4062 oum
1256 3996 1384 4064 domino
1405 3999 1636 4083 impetraverit.

272 4119 304 4159 se
410 4095 512 4160 XVII.
539 4097 685 4174 Qualiter
707 4099 868 4165 hominem
897 4100 950 4182 qui
974 4100 1026 4165 die
1057 4099 1216 4165 dominico
1247 4101 1374 4185 operari
1404 4109 1666 4187 praesumpserat
1693 4101 1803 4168 divine
1833 4103 1953 4170 ultione

324 4196 533 4282 dampnatum
556 4202 729 4267 sanaverit.

409 4301 530 4366 XVIII.
556 4302 702 4381 Qualiter
729 4306 864 4372 alterum
891 4307 1055 4391 Belgicam
1086 4308 1214 4374 nomine
1238 4327 1294 4393 pro
1317 4307 1417 4373 simili
1440 4307 1620 4374 temeritate
1643 4317 1808 4375 caecatum
1831 4310 1954 4375 illumi-

322 4405 459 4470 neverit.

408 4509 499 4573 XIX.
527 4510 672 4587 Qualiter
692 4510 927 4596 impetraverit,
964 4521 999 4579 nt
1020 4533 1078 4599 per
1099 4532 1170 4578 xxx
1194 4533 1295 4580 annos
1318 4513 1435 4597 quibus
1459 4513 1642 4582 Andecavis
1664 4517 1834 4601 episcopus
1858 4537 1952 4601 prae-

271 4635 302 4675 ro
323 4613 384 4678 fuit
412 4613 522 4678 vinum
553 4621 585 4679 et
615 4613 753 4680 triticum
782 4623 815 4681 et
843 4623 969 4683 ceterae
992 4637 1115 4683 meroes
1138 4638 1196 4701 per
1218 4623 1318 4682 totum
1341 4616 1606 4684 Andecavensem
1630 4638 1748 4703 pagum
1772 4621 1953 4702 aequaliter

322 4715 547 4781 venderentur.

409 4818 472 4882 XX
476 4869 1927 4890 .........................................

409 4921 500 4985 XXI.
527 4922 674 4999 Qualiter
695 4944 715 4987 a
737 4925 969 4992 Cinomannica
991 4928 1069 4992 urbe
1092 4928 1280 5010 regrediens
1303 4927 1464 5010 quendam
1488 4946 1621 5012 puerum
1646 4928 1796 5011 paralisis
1820 4930 1952 4995 humore

321 5023 489 5087 incurvum
513 5043 572 5090 sua
594 5026 738 5091 oratione
761 5028 898 5093 sanavit.

270 5148 303 5188 rs
409 5126 516 5191 XXII.
543 5128 688 5205 Qualiter
709 5150 810 5195 naves
826 5131 898 5196 Lidi
921 5130 1061 5198 fluminis
1083 5132 1127 5197 ad
1147 5133 1253 5217 ipsum
1271 5133 1542 5200 transfretandum
1559 5141 1671 5218 sponte
1687 5154 1728 5200 ex
1743 5133 1846 5199 altera
1861 5143 1952 5218 plaute

322 5229 354 5293 in
377 5230 512 5294 alteram
537 5239 703 5298 venerunt.

323 5457 735 5468 ..ἡὴ

410 5610 612 5672 3quaudsmG
728 5613 758 5663 il
777 5614 927 5676 optinuitP
1037 5615 1067 5665 13
1086 5616 1287 5665 destruxerat?
1391 5615 1422 5664 14
1441 5619 1656 5666 construxerat?
1759 5621 1787 5669 31
1810 5623 1952 5669 carismatis

322 5694 343 5741 θ
450 5696 483 5746 42
502 5699 606 5746 titulum
626 5699 674 5747 XX
693 5713 740 5747 om.
760 5700 811 5762 GP,
832 5701 941 5762 qualiter
959 5702 1066 5750 alterum
1084 5701 1179 5752 ldolum
1198 5703 1354 5753 destruxerit
1370 5703 1451 5763 suppl.
1467 5702 1569 5750 Burdier
1673 5704 1705 5753 43
1724 5704 1866 5753 rediens?

1688 5805 1742 5855 11*
