4374 6186
954 392 1121 476 cunnum
1139 419 1357 475 roeuvnnur

612 631 625 669 u
678 609 774 693 digne
796 609 859 675 tuis
882 609 1021 690 meritis,
1048 608 1266 677 chalacterice
1289 607 1456 690 sacerdos,

763 712 853 778 tarde
875 719 948 778 note
971 712 1068 795 mihi,
1094 711 1289 796 quamcito,
1316 731 1406 793 care,
1433 709 1533 793 lugisl

677 821 711 881 tu
734 815 869 900 patriam
891 815 1030 900 repetis,
1055 833 1113 881 nos
1133 814 1224 881 triste
1247 814 1305 879 suh
1328 815 1403 879 orbe
1425 813 1596 896 relinquis:

762 924 794 983 te
816 924 904 983 tenet
925 919 1001 984 aula
1023 918 1145 999 nitens,
1171 936 1229 982 nos
1251 916 1422 981 lacrimosa
1443 914 1525 981 dies.

677 1040 752 1086 ecoe
775 1020 834 1085 sub
856 1021 917 1086 hoc
939 1021 1061 1086 tumulo
1083 1019 1213 1104 pietatis
1235 1018 1378 1084 membra
1400 1017 1568 1101 quiescunt

597 1142 624 1182 ιο
763 1122 885 1187 dulcior
908 1130 940 1188 ct
961 1122 1050 1187 melli
1072 1123 1184 1206 lingua
1206 1123 1333 1207 sepulta
1354 1121 1454 1186 iacet:

678 1224 780 1291 forma
800 1232 935 1289 venusta
958 1224 1093 1307 decens,
1119 1224 1244 1289 animus
1268 1224 1337 1289 sine
1359 1224 1422 1289 fine
1444 1223 1603 1307 benignus

763 1346 825 1392 vox
847 1326 975 1409 suavis,
1001 1327 1107 1409 legem
1129 1326 1342 1412 promeditata
1362 1326 1433 1406 dei,

679 1449 754 1515 spes
776 1430 870 1508 oleri,
896 1437 980 1496 tutor
1001 1429 1187 1511 viduarum,
1213 1428 1305 1514 panis
1328 1435 1496 1511 egentum,

764 1553 841 1597 cura
861 1532 1125 1617 propinquorum,
1150 1538 1235 1597 totus
1257 1531 1300 1598 ad
1321 1552 1414 1597 omno
1435 1532 1571 1611 bonum;

597 1656 626 1698 rs
679 1655 800 1719 organa
820 1634 967 1720 psalterii
989 1634 1103 1700 cecinit
1125 1632 1340 1700 modulamine
1362 1634 1449 1700 dulci

764 1745 798 1803 et
818 1738 923 1822 tetigit
944 1737 1033 1803 laudi
1055 1738 1177 1821 plectra
1197 1738 1294 1804 beata
1316 1736 1386 1817 dei,

679 1848 806 1907 cautere
829 1840 949 1923 eloquii
969 1841 1052 1906 hene
1074 1859 1216 1925 purgans
1237 1841 1372 1905 vulnera
1393 1839 1512 1923 morbi,

764 1964 826 2027 quo
849 1951 1000 2029 pascente
1022 1943 1083 2008 fuit
1104 1942 1170 2008 fida
1191 1943 1332 2008 medella
1354 1943 1457 2026 gregi.

679 2066 737 2112 sex
759 2047 814 2129 qui
838 2048 938 2111 lustra
959 2065 1093 2129 gerens,
1119 2054 1188 2111 octo
1210 2046 1311 2111 bonus
1333 2046 1465 2130 insuper
1485 2065 1604 2128 annos,

596 2169 626 2211 ro
765 2155 893 2233 ereptus
914 2157 1019 2214 terrae
1040 2148 1145 2214 iustus
1167 2148 1210 2213 ad
1232 2154 1319 2213 astra
1341 2148 1439 2214 redis.

679 2251 722 2316 ad
744 2250 963 2336 paradisiacas
987 2251 1100 2336 epulas
1121 2258 1154 2316 te
1177 2250 1246 2316 cive
1268 2251 1398 2316 reducto

766 2353 851 2419 unde
873 2354 973 2438 gemit
995 2352 1133 2419 mundus
1155 2353 1276 2437 gaudet
1297 2354 1416 2419 honore
1438 2355 1543 2440 polus.

680 2463 713 2523 et
734 2457 810 2540 quia
831 2477 894 2522 non
916 2456 1027 2522 dubito
1048 2463 1168 2540 quanta
1190 2456 1319 2521 esttibi
1340 2456 1444 2540 gloria
1465 2457 1615 2539 laudum,

765 2579 825 2625 nec
847 2559 946 2625 debes
967 2558 1055 2640 fleri,
1080 2558 1156 2624 taIIs
1179 2559 1281 2625 amice
1305 2558 1368 2624 dei.

597 2682 628 2725 ru
680 2663 762 2729 haec
782 2662 854 2745 qui,
880 2669 989 2728 sancte
1011 2669 1118 2747 pater,
1144 2682 1201 2747 pro
1223 2661 1350 2745 magnis
1372 2681 1472 2746 parva
1494 2681 1640 2746 susurro,

764 2785 820 2849 pro
841 2765 1033 2847 Fortunato,
1058 2783 1196 2847 quaeso,
1222 2784 1352 2849 precare
1375 2771 1439 2830 tuo.

1116 3054 1193 3120 VIII

634 3193 866 3291 Epitapthm
894 3191 1052 3290 Cronopi
1079 3194 1235 3291 episcopi
1261 3194 1417 3269 civitatis
1443 3194 1690 3269 Petrocoricae

687 3364 722 3429 Si
743 3370 887 3446 terrena,
914 3383 1021 3445 sacer,
1047 3362 1208 3446 quondam
1230 3363 1288 3428 tibi
1310 3384 1387 3429 cura
1408 3364 1542 3447 fuisset,

773 3468 912 3532 carmine
933 3467 1007 3551 plus
1029 3466 1194 3546 lacrimas,
1221 3487 1316 3549 quam
1340 3466 1432 3532 modo
1454 3468 1553 3533 verba
1575 3467 1695 3533 darem.

686 3569 744 3635 sed
766 3570 842 3653 quia
863 3578 898 3635 tu
920 3568 1058 3635 mundus
1080 3589 1141 3634 nec
1162 3576 1236 3635 sunt
1257 3569 1316 3636 tihi
1338 3570 1471 3635 crimina
1492 3570 1623 3652 mundi,

772 3691 830 3737 nos
852 3671 995 3756 gaudere
1018 3691 1128 3738 mones
1150 3672 1204 3755 qui
1227 3673 1296 3738 sine
1319 3680 1420 3739 morte
1441 3694 1563 3740 manes.

620 3797 633 3838 s
686 3775 819 3840 antistes
841 3775 960 3860 pietate
983 3776 1110 3855 calens,
1135 3776 1318 3841 venerande
1342 3776 1497 3861 Cronopi,

772 3878 914 3944 membra
937 3878 1108 3962 sepulchra
1128 3884 1257 3962 tegunt,
1285 3878 1415 3963 spiritus
1435 3886 1523 3946 astra
1544 3886 1642 3946 tenet.

686 3981 761 4047 ordo
785 3982 985 4047 sacerdotum
1009 3981 1060 4047 cui
1081 3980 1174 4048 fluxit
1194 3989 1329 4063 utroque
1351 3990 1500 4067 parente:

773 4085 859 4150 venit
880 4085 924 4150 ad
945 4084 1097 4150 heredem
1119 4084 1312 4169 pontificalis
1334 4106 1429 4170 apex.

688 4189 771 4252 hunc
792 4187 851 4253 tibi
873 4187 943 4254 iure
965 4187 1100 4271 gradum
1124 4188 1283 4253 successio
1306 4196 1418 4254 sancta
1440 4188 1582 4272 paravit,

606 4312 634 4353 ro
773 4297 808 4356 ut
829 4290 921 4374 quasi
943 4291 1007 4355 iam
1030 4290 1142 4356 meritc
1163 4290 1291 4356 debitus
1314 4298 1400 4357 esset
1421 4289 1531 4356 honor.

686 4392 804 4458 nobilis
826 4393 957 4476 antiquo
978 4392 1112 4458 veniens
1131 4392 1175 4459 'de
1198 4393 1341 4477 germine
1363 4401 1507 4478 patrum,

774 4496 832 4595 sed
853 4495 957 4579 maglo
980 4495 1013 4560 in
1036 4495 1162 4562 Christo
1184 4495 1320 4562 nobilior
1342 4495 1471 4578 merito,

422 4773 510 4822 druis
530 4773 559 4821 0¹
647 4775 807 4824 chalacterice
827 4769 1250 4839 A106L]sscnalactheri0e1²rdns‚
1271 4771 1501 4838 clanctrimlw,
1520 4774 1715 4822 calcctherlcoll
1807 4775 1922 4823 socerdus
1935 4772 1972 4822 Μ1

259 4842 262 4847 “
352 4859 464 4922 druge*
485 4858 515 4907 0¹
636 4859 727 4908 'lorbe
748 4855 832 4925 ΟΡΜ]
851 4853 1099 4907 nrbc'ADGBLRF
1209 4858 1268 4917 forr.
1288 4861 1374 4908 trister
1392 4861 1449 4908 orbe
1561 4861 1666 4922 reliquls
1684 4859 1708 4907 Β
1827 4858 1970 4929 crumulo]
2073 4931 2076 4936 .

350 4947 427 4994 titulo
445 4942 480 4991 0²
496 4960 549 4994 vor.
570 4947 587 4993 1.
731 4943 762 4993 10
781 4950 807 4992 et
825 4944 893 4992 melli
911 4941 1111 5011 ornarem]
1138 4951 1164 4994 ct
1181 4945 1255 4993 melle
1272 4944 1325 5006 BL,
1353 4947 1449 4994 *tmelll
1468 4943 1498 4992 01
1519 4945 1607 5006 (sehse
1624 4944 1723 4995 viderur
1739 4946 1849 4995 dulciore
1867 4947 1970 5008 mour),

350 5030 454 5080 tomelli
475 5028 513 5092 0¹,
535 5031 632 5079 stinelli
651 5030 676 5077 1>
697 5029 800 5092 (dulcior
818 5044 832 5077 c
850 5030 947 5078 tumulo
971 5030 1038 5090 γαπ.)
1155 5030 1184 5080 11
1205 5028 1315 5098 enimus]
1333 5032 1369 5079 dis
1387 5032 1430 5091 Al,
1451 5031 1587 5081 animosP
1689 5033 1813 5092 benignus
1827 5037 1925 5093 practer
1940 5034 1972 5081 be

350 5119 369 5166 i.
388 5130 436 5164 raa.
458 5116 568 5165 Icari
692 5114 722 5163 13
742 5113 860 5163 celcriA
983 5115 1013 5164 15
1032 5117 1122 5165 cecidit
1140 5115 1230 5166 M18F.
1343 5117 1506 5166 modolamlne
1526 5116 1597 5166 ΟΡΜ
1717 5117 1746 5166 17
1766 5119 1874 5167 ausono
1890 5117 1937 5166 BL

350 5202 413 5249 bene
431 5215 479 5249 om.
495 5198 528 5247 01
545 5201 602 5250 Vm.
692 5196 814 5267 purgans]
831 5200 959 5264 purgando
975 5202 1033 5252 Ven.
1142 5201 1172 5252 18
1190 5203 1292 5264 quosA
1384 5204 1480 5253 medela
1497 5200 1611 5264 GBLPI,
1631 5204 1705 5252 mella
1721 5204 1745 5251 A
1848 5203 1879 5253 21
1898 5218 1971 5267 porc·

349 5285 458 5346 dyniacas
477 5286 506 5348 P,
527 5287 705 5349 paradissiacrs
727 5287 754 5347 C,
773 5287 958 5348 paradysslacas
977 5286 1011 5348 Μ,
1031 5288 1212 5349 puadislaoccs
1231 5288 1253 5336 R
1366 5286 1434 5356 cine]
1452 5291 1509 5338 nioc
1528 5289 1551 5336 P
1663 5288 1696 5338 24
1715 5290 1774 5338 llere
1791 5290 1823 5351 A,
1843 5302 1891 5338 om.
1913 5290 1937 5336 D

349 5374 416 5421 tecla
436 5371 483 5437 M¹‚
502 5374 570 5421 talus
590 5371 619 5419 0¹
724 5371 756 5420 25
775 5385 835 5421 naec
856 5372 885 5419 C¹
990 5373 1081 5421 radron
1102 5373 1353 5422 v.xxv1ACMDG

418 5457 481 5507 VIII
545 5457 585 5507 Or.
606 5473 629 5508 c.
649 5473 698 5508 om.
712 5457 748 5504 D¹
817 5471 931 5507 caonorr
951 5454 1246 5525 ACPIILII]cron·or11
1265 5461 1295 5521 F,
1314 5440 1446 5508 nunonem
1464 5457 1519 5522 OB,
1539 5473 1671 5509 cneorum
1690 5458 1726 5508 122
1743 5461 1778 5522 es,
1793 5461 1847 5511 lod.
1860 5466 1934 5523 capu.

349 5544 398 5592 clu.
413 5543 479 5592 Petr.
499 5558 546 5594 om.
562 5546 586 5593 F
679 5546 729 5594 clu.
749 5557 797 5591 om.
815 5543 907 5592 CPMB
929 5544 1023 5605 (ludent
1042 5543 1169 5606 ADGLR)
1269 5545 1505 5594 nnrcocourcnnll
1612 5547 1745 5596 lcondsm
1764 5547 1806 5610 12¹,
1827 5561 1889 5598 corr.
1904 5547 1937 5596 31

348 5629 441 5678 luisset
459 5626 688 5697 APnnrsmer]
705 5630 792 5678 inlesit
809 5628 879 5689 cm,
905 5632 977 5680 Iulsti
997 5629 1055 5677 1261
1159 5626 1275 5698 Imodo]
1293 5632 1350 5680 mod
1368 5632 1393 5678 D
1498 5632 1680 5682 Bearmlnah
1783 5633 1921 5684 lmrnens
1940 5631 1971 5681 P¹

349 5713 363 5761 5
383 5715 530 5763 antestlsA
633 5718 732 5778 cronopi
752 5710 786 5781 F]
804 5715 934 5780 choronopi
955 5716 993 5777 0¹,
1014 5718 1130 5779 chronopi
1148 5718 1202 5767 rell.
1309 5718 1324 5767 6
1342 5724 1431 5766 tenent
1452 5717 1482 5765 6¹
