4374 6186
269 383 309 443 94
573 378 770 435 OPVSCVLA
789 378 984 434 VEXANTIO
1002 344 1232 436 FORTVMATO
1251 377 1354 436 MALE
1372 379 1595 437 ATTRIBVTA

268 570 441 652 tranquillo
464 568 587 634 medios
609 568 674 634 iam
698 570 777 635 salis
799 569 915 635 fluctus
937 569 1063 634 sulcare
1086 589 1200 635 secura
1222 571 1398 655 coepisset,
1428 578 1560 656 repente
1582 572 1742 637 immanis
1768 589 1931 636 emersus

269 691 287 737 e
310 672 437 755 gurgite
466 672 565 757 piscis
588 672 747 756 prosilivit
769 673 802 737 in
825 672 948 755 Argim.
1001 675 1062 753 (86,¹
1091 673 1139 738 De
1163 694 1225 757 quo
1248 694 1319 738 cum
1342 675 1403 740 deo
1426 675 1547 758 gratias
1569 675 1768 741 retulissent
1792 675 1932 760 ipsnm-

268 796 329 858 que
359 776 478 860 piscem
510 783 697 841 exenterare
728 776 926 860 coepissent.
960 776 1165 858 reliquiarum
1196 777 1306 843 claves
1335 795 1416 859 quas
1438 777 1606 842 Mamilius
1628 778 1663 841 in
1688 777 1780 842 mari
1807 776 1932 862 perdi-

267 876 360 943 derat
388 879 422 943 in
452 879 551 962 piscis
579 877 684 944 iecore
715 887 934 963 reppererunt.
982 879 1071 957 Quas
1101 888 1367 963 recognoscentes
1392 880 1588 963 nimiumque
1611 881 1778 947 mirantes
1805 880 1932 946 tnrba-

267 982 383 1047 bantur
405 982 542 1062 attoniti,
569 989 748 1047 metuentes
771 1003 811 1047 ne
835 1003 907 1047 curn
929 983 1009 1066 ipsis
1032 983 1200 1047 Mauritius
1221 983 1425 1066 naufragium
1448 1002 1563 1067 passus
1586 983 1757 1049 hominem
1775 984 1926 1049 exisset.
1952 1006 1965 1042 s

357 1087 418 1167 (87,
448 1084 606 1150 Demissis
629 1084 728 1168 igitur
750 1085 790 1150 de
814 1085 889 1150 nari
912 1086 1080 1167 anchoris,
1113 1087 1148 1150 in
1172 1085 1231 1150 hoe
1254 1093 1394 1167 stantes,
1428 1093 1463 1152 ut
1485 1086 1525 1151 de
1547 1087 1629 1151 mari
1651 1095 1925 1165 reverterentur,

266 1189 486 1254 asserentibus
515 1189 623 1253 nautis
646 1189 828 1253 Mamilium
860 1209 932 1254 esse
956 1189 1160 1268 defunctum,
1194 1189 1313 1271 singuli
1336 1190 1484 1273 sequenti
1505 1198 1598 1255 nocte
1621 1210 1725 1254 unum
1749 1190 1932 1256 eundem-

267 1311 329 1375 que
365 1292 469 1357 risum
506 1290 634 1356 domino
672 1292 831 1358 tribuente
861 1292 1027 1357 viderunt:
1068 1293 1175 1357 Nolite
1205 1299 1347 1357 metuere
1377 1313 1437 1358 nec
1465 1293 1672 1358 revertamini
1704 1292 1749 1359 de
1782 1294 1927 1369 itinere,

266 1403 416 1480 coeptum
439 1402 598 1460 maturate
622 1395 794 1477 negotium,
822 1396 932 1479 procul
955 1394 1052 1460 dubio
1075 1395 1130 1460 din
1153 1395 1334 1478 quaesitum
1358 1403 1391 1461 et
1409 1396 1471 1460 hnc
1485 1415 1587 1478 usque
1603 1395 1746 1461 dilatum
1763 1404 1929 1463 vestrum

266 1498 438 1563 invenietis
475 1497 682 1562 desiderium.
752 1499 811 1580 (88)
846 1498 941 1564 Mane
972 1506 1080 1563 autern
1111 1498 1236 1563 reddito
1265 1499 1344 1581 quid
1374 1500 1493 1581 singuli
1524 1497 1672 1564 viderant
1698 1499 1736 1564 in
1767 1500 1931 1568 invicem
1954 1523 1983 1563 ro

267 1600 461 1682 referebant,
488 1601 573 1666 unde
596 1600 770 1666 admodum
794 1601 933 1667 roborati
956 1601 1041 1682 quod
1064 1609 1236 1686 coeperant
1257 1601 1384 1667 avidius
1406 1602 1614 1686 peragebant.
1662 1601 1763 1668 Vnde
1791 1602 1931 1668 factum

267 1711 334 1779 est,
368 1712 403 1769 ut
429 1703 577 1786 angelico
600 1702 695 1769 ductu
719 1703 761 1767 ad
784 1704 912 1768 domum
935 1704 1091 1789 principis
1114 1724 1186 1769 cum
1208 1725 1272 1787 quo
1294 1704 1464 1771 Mamilius
1486 1704 1654 1771 habitabat
1674 1712 1768 1770 recto
1796 1705 1929 1773 itinere

268 1807 471 1872 ducerentur.
524 1808 582 1889 (893
610 1807 753 1889 ingressi
777 1815 884 1872 autem
907 1807 981 1872 ilico
1005 1807 1112 1871 vocari
1135 1806 1335 1881 Maurilium,
1363 1814 1399 1871 ut
1421 1827 1493 1872 oum
1517 1807 1681 1872 holeribus
1705 1808 1840 1891 quibus
1867 1828 1930 1874 rex

268 1909 314 1974 uti
338 1916 549 1974 consueverat
570 1905 766 1990 accurreret,
799 1910 979 1975 audierunt.
1028 1910 1200 1976 Oculorum
1223 1929 1300 1993 ergo
1323 1910 1425 1976 aciem
1447 1910 1480 1974 in
1503 1916 1625 1994 partem
1649 1930 1716 1991 qua
1738 1911 1848 1976 illum
1873 1913 1930 1977 in-

268 2012 408 2077 clamare
436 2011 606 2078 audierant
629 2013 820 2097 dirigentes,
855 2033 914 2078 nec
936 2033 1025 2077 mora
1048 2033 1119 2078 cum
1142 2012 1306 2078 holeribus
1328 2032 1494 2078 accurrere
1516 2012 1700 2078 Maurilium
1725 2033 1930 2099 perspexe·
1952 2039 1985 2078 rs

268 2121 351 2179 runt.
404 2117 463 2198 (99(
491 2116 593 2194 Quem
617 2135 688 2180 oum
711 2116 983 2198 recognovissent,
1009 2116 1160 2200 prostrati
1183 2115 1319 2199 pedibus
1343 2116 1445 2199 ipsius
1469 2137 1541 2181 cum
1562 2136 1680 2200 magno
1703 2115 1791 2182 fletn
1818 2140 1929 2203 roga-

268 2220 354 2295 bant,
383 2227 417 2284 ut
439 2219 587 2304 propriae
611 2220 798 2284 subveniret
820 2219 978 2284 ecclesiae
1001 2227 1098 2301 atque
1121 2219 1253 2284 civitati.
1281 2240 1364 2302 quae
1388 2220 1458 2285 eius
1481 2219 1628 2285 absentia
1650 2219 1695 2284 nil
1720 2220 1793 2285 iam
1822 2223 1926 2288 aliud

267 2322 330 2387 nisi
360 2342 544 2408 supremum
575 2322 825 2405 praestolaretur
852 2322 995 2387 exitium.
1048 2325 1109 2406 (91)
1137 2321 1189 2386 Ad
1218 2342 1350 2405 quornm
1380 2322 1489 2387 fletum
1517 2342 1588 2388 cum
1620 2341 1655 2387 se
1685 2343 1821 2407 negare
1855 2347 1927 2393 non

267 2434 394 2511 posset,
428 2426 671 2510 obstupefactus
694 2447 766 2492 cum
790 2425 931 2491 lacrimis
953 2445 1135 2510 repugnare
1157 2425 1263 2507 coepit
1284 2426 1432 2491 obnixius
1455 2425 1585 2491 dicens:
1618 2426 1697 2490 Voto
1722 2436 1860 2494 memet
1884 2450 1926 2496 ae

267 2529 446 2595 iuramento
469 2528 620 2595 constrixi
644 2550 806 2612 nunquam
830 2549 881 2594 me
904 2529 1039 2613 patriam
1064 2548 1277 2609 reversurum,
1303 2529 1336 2593 ni
1359 2529 1468 2594 claves
1491 2528 1601 2594 videre
1623 2548 1769 2595 mererer
1788 2531 1925 2599 iterum
1948 2554 1980 2594 no

268 2653 349 2714 quas
373 2633 478 2698 amisi.
529 2631 618 2709 Quas
641 2633 748 2699 statim
772 2632 978 2709 exhibentes,
1006 2631 1159 2714 quicquid
1180 2631 1215 2695 in
1237 2633 1318 2696 mari
1341 2632 1489 2697 viderant
1511 2631 1767 2715 etpertulerant
1791 2655 1841 2700 ex
1867 2657 1927 2702 or-

268 2735 343 2802 dine
365 2736 558 2802 referebant.
1776 2800 1792 2812 „

360 2840 419 2920 (bn,
448 2839 575 2904 Interea
604 2838 697 2903 istius
727 2838 814 2902 modi
842 2837 1088 2920 circumquaque
1111 2837 1231 2921 negotii
1254 2837 1341 2902 fama
1362 2837 1534 2923 pervolitat
1553 2837 1723 2922 ipsumque
1748 2840 1923 2908 sollicitat

268 2961 387 3023 regem.
436 2941 591 3005 Mirantur
620 2941 726 3006 cuncti
750 2948 782 3006 et
804 2960 898 3023 quem
922 2947 957 3004 ut
979 2940 1156 3005 ortolanum
1179 2940 1359 3006 habuerant
1380 2959 1464 3005 nunc
1487 2946 1522 3006 ut
1543 2940 1783 3006 sanctissimum
1811 2962 1922 3026 prae-

267 3045 370 3109 sulem
394 3050 585 3109 venerantes
608 3041 752 3120 adorant,
780 3043 889 3108 multis
912 3062 984 3108 eum
1007 3044 1193 3108 muneribus
1217 3051 1249 3108 ot
1271 3043 1414 3109 donariis
1436 3042 1593 3108 honorare
1616 3045 1808 3126 quantotius
1833 3067 1920 3114 con-
1942 3069 1976 3110 as

268 3153 437 3226 certantes,
464 3153 498 3210 ut
522 3146 575 3228 qui
599 3146 691 3229 quasi
714 3166 840 3230 pauper
861 3155 894 3211 et
915 3147 1105 3230 peregrinus
1128 3147 1170 3212 ad
1194 3167 1248 3212 eos
1272 3155 1406 3212 venerat
1428 3147 1508 3212 felix
1531 3154 1563 3212 et
1580 3146 1671 3212 dives
1686 3154 1921 3216 reverteretur

269 3249 311 3315 ad
333 3248 473 3334 propria.
526 3251 587 3330 (93)
614 3250 697 3314 Tum
713 3249 881 3314 Mamilius
903 3256 949 3314 tot
971 3249 1121 3332 precibus
1145 3258 1179 3315 ut
1202 3250 1425 3332 regrederetur
1447 3257 1479 3315 et
1501 3250 1665 3315 miraculis
1682 3250 1800 3331 motus,
1831 3253 1917 3320 dum

269 3351 435 3418 sollicitior
464 3351 504 3417 de
534 3351 716 3417 reversione
748 3359 950 3418 cunctaretur
972 3360 1004 3418 et
1026 3353 1147 3434 vigiliis
1170 3361 1265 3436 atque
1288 3353 1485 3417 orationibus
1507 3353 1684 3418 insomnem
1707 3352 1831 3421 ducere
1857 3377 1918 3423 se-

268 3463 419 3538 quentem
448 3455 633 3538 disponeret
663 3463 803 3535 noctem,
836 3455 964 3521 tandem
996 3454 1152 3538 fatigatus
1180 3455 1298 3520 ieiunio
1322 3454 1489 3539 paululum
1511 3455 1714 3521 obdormiens
1736 3455 1825 3523 vidit
1848 3479 1917 3525 an-

269 3558 377 3642 gelum
401 3558 560 3624 dicentem
584 3558 664 3623 sibi:
698 3559 811 3641 Surge,
839 3559 977 3637 Mamili,
1004 3566 1036 3624 et
1060 3559 1247 3643 populorum
1271 3564 1302 3622 te
1326 3558 1555 3640 requirentium
1578 3577 1715 3642 praepes
1738 3562 1916 3642 exequere
1939 3588 1971 3623 ³0

268 3669 386 3727 votum.
434 3662 518 3728 Ecce
548 3662 632 3729 enim
662 3661 727 3727 tuis
756 3662 905 3746 precibus
934 3669 1030 3744 atque
1053 3661 1176 3726 meritis
1198 3661 1256 3725 tibi
1279 3661 1467 3726 commissas
1490 3661 1630 3726 servavit
1652 3660 1801 3726 dominus
1826 3684 1915 3732 oves

267 3785 324 3849 pro
354 3765 470 3849 quibus
499 3765 620 3848 rogasti
650 3772 682 3830 et
710 3766 842 3849 insuper
872 3764 1014 3830 reddidit
1044 3764 1103 3830 tibi
1134 3784 1267 3849 puerum
1297 3784 1392 3846 quem
1421 3763 1540 3828 diutius
1567 3763 1698 3848 plorans
1720 3767 1910 3848 quaesisti!

272 3871 332 3948 (99
361 3869 447 3947 Quid
470 3869 600 3934 multis?
630 3889 724 3934 mane
755 3867 881 3934 reddito
911 3867 1172 3933 concurrentibus
1201 3867 1343 3948 undique
1373 3866 1501 3951 populis
1531 3887 1603 3932 cum
1632 3887 1750 3951 magno
1779 3868 1913 3938 honore

267 3969 437 4036 deducitur
466 3972 509 4037 ad
537 3992 652 4037 navem
681 3978 714 4037 et
741 3971 886 4037 traducto
908 3978 1004 4054 ponto
1027 3990 1099 4034 cum
1122 3990 1182 4035 nec
1203 3970 1317 4034 minori
1340 3968 1445 4052 gloria
1466 3990 1487 4034 a
1509 3970 1638 4055 propria
1659 3969 1821 4055 excipitur
1845 3994 1914 4058 pa-

266 4074 339 4139 tria.
386 4076 573 4157 Taliterque
603 4075 764 4160 propriam
794 4093 961 4157 regressus
984 4073 1026 4138 ad
1050 4075 1175 4153 urbem,
1208 4073 1358 4137 nimirum
1382 4072 1601 4157 spectantibus
1623 4073 1741 4154 turbis,
1775 4072 1819 4139 de
1844 4077 1912 4143 do·
1935 4102 1971 4142 :rs

268 4177 344 4241 mini
374 4177 584 4262 promissione
614 4198 746 4243 securus
770 4178 858 4243 venit
879 4176 922 4242 ad
944 4177 1036 4261 pueri
1059 4176 1227 4240 tumulum.
1281 4179 1341 4259 (95)Ι
1369 4175 1439 4252 Quo
1461 4175 1573 4240 rastris
1596 4175 1814 4260 discooperto,
1852 4179 1911 4245 in-

268 4287 360 4344 vocat
390 4280 573 4346 diutissime
599 4281 781 4364 planctibus
805 4279 978 4345 Christum.
1026 4279 1172 4344 Tandem
1196 4285 1303 4344 autem
1326 4279 1459 4362 expleta
1480 4298 1552 4343 cum
1575 4278 1716 4344 lacrimis
1737 4280 1906 4351 oratione.

268 4388 400 4464 uterque
432 4391 628 4467 consurgunt
650 4383 820 4448 Maurilius
850 4383 890 4448 de
919 4383 1062 4448 oratione
1092 4391 1124 4447 et
1153 4402 1232 4466 puer
1261 4381 1302 4447 de
1328 4389 1440 4447 morte.
1487 4382 1589 4460 Quem
1613 4381 1808 4466 septiformis
1835 4387 1912 4470 spi-

268 4485 348 4550 ritus
377 4487 482 4568 gratia
513 4494 730 4552 consecratum
761 4507 801 4550 ex
831 4493 947 4551 eventu
978 4485 1106 4550 vocavit
1128 4486 1296 4550 Renatum.
1350 4487 1410 4568 (96(
1438 4482 1500 4560 Qui
1523 4485 1640 4550 divinis
1663 4484 1801 4550 cultibus
1826 4486 1910 4556 ilioo
2019 4518 2024 4524 ·

267 4588 470 4673 mancipatus
497 4596 530 4654 et
551 4611 571 4654 a
594 4592 688 4656 beato
711 4590 859 4655 Maurilio
882 4589 1069 4671 diligentius
1093 4587 1238 4653 eruditus
1260 4589 1357 4654 tantis
1380 4589 1555 4673 promeruit
1575 4587 1689 4653 florere
1713 4587 1906 4674 virtutibus,
1933 4617 1970 4657 ro

268 4697 303 4755 ut
331 4699 404 4775 post
425 4692 607 4757 Maurilium
638 4692 854 4777 pontificalem
877 4690 1121 4757 Andecavensis
1151 4691 1307 4757 ecclesiae
1338 4691 1525 4757 cathedram
1555 4697 1587 4756 et
1615 4697 1781 4776 postumus
1804 4697 1910 4761 sorti-

268 4802 354 4861 retur
383 4802 415 4861 et
444 4797 549 4861 heres.
602 4799 662 4878 (97(
689 4793 782 4871 Quod
812 4796 841 4861 si
868 4796 939 4878 quis
970 4794 1101 4860 fortuitu
1131 4794 1350 4860 aestimaverit
1378 4793 1577 4877 fabulosum,
1610 4793 1817 4860 Andecavam
1851 4819 1910 4865 re-

268 4906 373 4963 currat
406 4899 448 4964 ad
482 4899 609 4980 urbem,
646 4899 690 4966 ibi
724 4899 810 4964 enim
843 4899 987 4964 inveniet
1020 4897 1284 4982 pretiosissimum
1319 4897 1535 4963 confessorem
1564 4897 1685 4963 Christi
1715 4897 1909 4968 Mamilium

267 4999 422 5068 inmensis
450 5002 619 5068 virtutibus
642 5002 806 5068 florentem
829 5009 862 5068 et
883 5022 941 5066 nec
964 5001 1069 5067 minus
1093 5002 1251 5066 Renatum
1274 5000 1450 5065 antistitem
1474 5019 1690 5066 successorem
1712 4999 1815 5083 ipsius
1840 5006 1911 5070 mi-

354 5314 382 5363 41
407 5316 574 5376 Mcpnobodur
593 5332 614 5365 c.
636 5321 667 5366 5:
696 5317 765 5364 Idem
794 5318 862 5364 euim
890 5315 967 5362 etlam
995 5319 1049 5377 post
1078 5315 1178 5362 beatum
1205 5313 1347 5361 Manrfllnm
1375 5312 1491 5374 pontifex
1517 5314 1598 5361 factus
1624 5312 1752 5374 praesedit
1777 5315 1911 5370 ecclesiae

268 5403 451 5451 Andecavensl

355 5675 369 5723 2
391 5672 479 5742 argim]
498 5675 534 5734 cf.
555 5691 630 5737 supro
647 5691 673 5737 p.
690 5674 732 5737 ss,
753 5677 769 5723 l.
789 5675 819 5724 13
925 5674 939 5724 8
960 5677 1044 5724 uirum
1064 5674 1104 5736 (Ρ)
1215 5672 1244 5721 19
1263 5687 1343 5722 meme
1365 5672 1386 5719 G
