4374 6186
919 422 1011 479 VITA
1029 418 1144 478 ΒΕΑΤΙ
1162 420 1350 477 MAVRlLll.
1908 421 1946 483 91

326 621 387 703 (58)
415 619 498 683 Dum
521 617 619 701 igitur
641 614 723 680 haec
743 614 777 679 in
796 614 899 679 vicem
929 613 1095 677 volverent
1121 631 1182 677 nec
1211 609 1350 677 diffinire
1380 611 1542 692 valerent,
1580 611 1685 677 subito
1714 609 1951 676 sanctissimum

320 729 452 788 sanetae
481 720 571 786 sedis
599 718 778 784 Γ1116116116
805 715 1104 800 archiepiscopum,
1143 714 1235 779 cuius
1264 720 1296 779 et
1324 713 1428 798 potior
1456 719 1525 779 erat
1551 720 1696 798 potestas
1726 712 1952 778 Andecavensi

322 824 480 891 ecclesiae
503 821 685 908 pontificem
709 820 845 904 eligere,
873 819 1044 884 nunciatur
1065 816 1182 882 adesse
1204 816 1386 882 Martinam.
1439 819 1499 899 (59)
1527 815 1631 882 Huius
1655 816 1731 881 dum
1755 834 1859 900 paene
1881 835 1951 881 om-

320 947 380 993 nes
403 926 595 992 sententiam
618 924 901 1009 praestolarentur,
928 921 987 987 ait:
1015 921 1084 986 Viri
1106 920 1231 1002 fratres,
1258 920 1368 986 audite
1392 928 1424 986 et
1446 918 1613 986 adtendite
1636 919 1804 985 consilium
1820 920 1947 984 bonum.

288 1031 383 1109 aQui
417 1052 438 1095 a
467 1029 528 1094 deo
560 1028 651 1093 vobis
680 1028 803 1093 electus
833 1033 883 1091 est
911 1024 1055 1110 pontifex
1085 1024 1191 1108 ipsum
1222 1023 1375 1107 suscipite
1405 1023 1617 1089 sacerdotem.
1671 1022 1756 1088 Sane
1785 1022 1952 1087 Mamilius

321 1132 533 1199 Calonnensis
563 1132 721 1197 ecclesiae
750 1128 908 1214 presbiter
937 1127 998 1193 erit
1024 1126 1168 1213 pontifex
1197 1133 1314 1192 vester.
1368 1127 1426 1208 (60)
1455 1125 1549 1203 Quod
1573 1125 1742 1192 audientes
1765 1125 1868 1210 primo
1892 1125 1953 1190 mi-

321 1236 381 1302 rati
404 1241 487 1315 suut,
516 1233 574 1299 sed
597 1233 675 1315 quia
697 1232 790 1299 simul
806 1230 949 1296 Maurilii
971 1230 1035 1296 iam
1057 1236 1214 1296 noverant
1237 1236 1269 1295 et
1290 1229 1426 1295 virtutes
1449 1237 1481 1295 et
1500 1229 1624 1310 merita,
1651 1230 1830 1315 postposita
1845 1229 1952 1295 statim

322 1337 406 1405 omni
429 1337 526 1422 priori
549 1336 731 1420 ignorantia
754 1356 828 1400 mox
849 1335 920 1420 pari
943 1340 1050 1399 mente
1073 1353 1111 1399 ac
1133 1341 1206 1398 voto
1228 1333 1261 1398 in
1284 1353 1381 1398 unam
1404 1352 1522 1398 venere
1545 1332 1748 1397 sententiam.
1795 1333 1953 1418 Accepto-

321 1460 384 1524 que
407 1440 515 1505 domni
538 1439 771 1523 archiepiscopi
793 1443 984 1522 praecepto,
1011 1437 1178 1502 celerrime
1202 1436 1384 1519 diriguntur
1406 1437 1448 1500 ad
1471 1435 1592 1518 virum,
1619 1456 1712 1518 quem
1735 1435 1787 1502 fisi
1810 1437 1953 1522 episcopi

273 1567 302 1606 16
322 1545 511 1610 auctoritate
534 1542 575 1608 de
598 1542 728 1628 propria
749 1548 875 1625 raptum
899 1539 1039 1605 eeclesia
1061 1539 1189 1604 Martini
1212 1539 1416 1623 praesentiae
1439 1540 1599 1604 nolentem
1623 1539 1750 1604 sistunt.
1803 1541 1863 1623 (61)
1891 1540 1951 1618 Qui

323 1648 397 1712 dum
422 1667 492 1712 cum
515 1648 610 1710 beato
626 1645 762 1710 Martino
783 1644 847 1708 iam
871 1644 1042 1709 eeclesiam
1065 1642 1298 1726 ingrederetur,
1326 1643 1433 1708 statim
1456 1642 1499 1707 ad
1523 1641 1719 1708 declaranda
1741 1645 1823 1709 tanti
1846 1662 1954 1710 sacer·

323 1750 408 1816 dotis
437 1750 552 1815 merita
581 1749 675 1813 niveo
705 1747 845 1813 candore
874 1747 1021 1813 columba
1052 1745 1207 1811 divinitus
1230 1745 1343 1830 elapsa
1365 1765 1462 1828 super
1483 1753 1581 1829 caput
1601 1746 1704 1829 ipsius
1726 1745 1894 1812 descendit
1915 1767 1953 1813 ac

323 1854 416 1919 sedit.
458 1851 552 1930 Quod
576 1851 723 1917 videntes
745 1850 837 1915 multi
860 1850 903 1915 ad
925 1849 1013 1916 beati
1036 1848 1167 1915 Martini
1190 1868 1265 1913 mox
1287 1867 1322 1914 se
1345 1867 1380 1914 se
1403 1869 1510 1933 genua
1529 1855 1771 1934 prostravemnt
1786 1850 1953 1915 unanimes

324 1977 388 2021 una
411 1975 489 2021 voce
511 1955 651 2020 fideliter
674 1954 890 2019 acclamantes
913 1952 1096 2018 Maurilium
1120 1952 1307 2036 episcopatu
1330 1970 1403 2017 esse
1426 1951 1668 2035 dignissimum,
1699 1971 1764 2017 non
1786 1953 1827 2017 ab
1850 1952 1955 2018 homi-

274 2079 303 2119 11
323 2059 417 2124 nibus
439 2064 563 2123 tantum
587 2057 708 2130 sedab
731 2057 947 2140 omnipotente
971 2056 1108 2121 electum
1131 2074 1170 2119 ac
1194 2054 1459 2120 demonstratum.
1511 2057 1572 2136 (61)
1600 2056 1683 2120 Tum
1703 2055 1872 2122 Mamilius
1895 2057 1952 2122 tali

322 2163 375 2227 161
398 2161 552 2226 miraculo
574 2161 626 2227 vel
650 2145 799 2246 precibus
822 2159 927 2225 victus
950 2158 1070 2243 pariter
1092 2164 1125 2223 et
1147 2157 1304 2239 addictus,
1331 2166 1366 2223 ut
1387 2165 1458 2224 erat
1472 2156 1603 2224 humilis
1619 2165 1651 2223 et
1665 2158 1863 2240 mitissimus,
1890 2180 1954 2224 non

323 2264 513 2348 contempsit
539 2263 727 2347 imperium,
761 2262 820 2327 sed
841 2261 981 2345 implens
1003 2266 1209 2345 praeceptum
1233 2261 1376 2344 suscepit
1398 2260 1623 2326 sacerdotium.
1671 2261 1771 2342 Nam,
1806 2269 1841 2327 ut
1863 2263 1955 2328 multi

323 2367 434 2433 videre
464 2373 662 2448 meruerunt,
696 2365 981 2448 quotienscumque
1010 2364 1123 2429 beatus
1147 2364 1303 2429 Martinus
1333 2363 1377 2429 ad
1407 2383 1533 2429 sacram
1562 2364 1773 2430 consecrandi
1800 2365 1954 2431 antistitis

323 2470 580 2536 benedictionem
603 2488 701 2552 super
723 2476 818 2553 caput
841 2468 910 2534 eius
934 2466 1134 2532 extendisset
1155 2487 1302 2548 manum,
1332 2486 1461 2552 semper
1484 2467 1514 2533 ei
1537 2466 1687 2552 praefata
1708 2467 1832 2533 aditum
1856 2469 1954 2535 dabat

273 2590 304 2632 so
324 2574 485 2639 columba.
546 2575 605 2654 (63)
639 2571 714 2637 Tali
746 2571 845 2654 igitur
878 2571 1031 2636 miraculo
1065 2576 1196 2636 sanctae
1226 2570 1452 2636 Andecavensi
1486 2571 1581 2635 matri
1614 2570 1772 2636 ecclesiae
1805 2570 1953 2637 Maurilio

324 2676 473 2760 pontifice
496 2675 667 2740 substituto
690 2680 723 2740 et
743 2675 838 2740 beato
861 2673 998 2738 Martino
1021 2673 1064 2737 ad
1085 2672 1246 2758 propriam
1269 2672 1379 2738 sedem
1404 2692 1566 2757 regresso,
1593 2672 1680 2738 idem
1702 2673 1955 2757 pretiosissimus

324 2780 487 2845 confessor
510 2778 629 2844 Christi
652 2777 810 2842 Martinus
832 2776 952 2842 referre
976 2776 1107 2862 saepius
1129 2781 1198 2841 erat
1221 2776 1353 2857 solitus,
1379 2775 1466 2858 quod
1488 2775 1531 2841 ad
1554 2774 1811 2841 benedicendum
1834 2776 1955 2842 Mauri-

324 2883 402 2948 lium
432 2881 606 2948 antistitem
637 2900 701 2946 non
730 2880 831 2945 solum
857 2879 891 2943 in
914 2878 1021 2964 speeie
1045 2879 1212 2944 columbae
1236 2878 1367 2964 spiritus
1390 2886 1521 2945 sanctus
1544 2877 1601 2944 sed
1624 2879 1722 2944 etiam
1744 2879 1873 2946 affuerit
1894 2901 1955 2945 an-

323 2986 469 3071 gelorum
492 2984 662 3049 exercitus.

272 3104 305 3146 11
415 3090 476 3170 (61)
508 3086 664 3153 Ordinato
694 3086 802 3169 itaque
833 3085 865 3149 in
895 3083 1072 3170 pontificali
1101 3082 1256 3149 cathedra
1283 3083 1327 3148 ad
1357 3084 1528 3168 pastoralis
1558 3104 1654 3150 curae
1682 3084 1893 3151 ministerium
1923 3093 1956 3153 et
1978 3085 2054 3152 XIV

324 3191 501 3257 custodiam
524 3189 643 3256 Christi
666 3189 772 3254 ovium
788 3188 937 3254 Maurilio
961 3186 1120 3272 pontifice,
1146 3187 1292 3252 tantuin
1316 3207 1353 3252 eo
1376 3186 1497 3252 domini
1520 3187 1625 3271 gratia
1646 3188 1809 3271 rutilabat,
1835 3197 1955 3255 utnon

324 3293 447 3359 minora
469 3313 527 3379 per
549 3314 623 3358 eum
647 3312 743 3374 quam
766 3291 889 3357 dudum
913 3309 971 3373 per
994 3288 1156 3374 apostolos
1180 3289 1275 3373 signa
1297 3296 1329 3354 et
1347 3290 1502 3354 miracula
1518 3289 1640 3356 fierent.
1694 3293 1755 3376 (65)
1783 3293 1866 3357 Nam
1881 3312 1956 3358 ver-

323 3397 374 3462 bis
402 3403 525 3463 tantum
555 3395 730 3461 daemones
760 3394 941 3477 effugabat,
977 3399 1126 3476 aegrotos
1155 3399 1231 3457 vero
1261 3393 1331 3457 sola
1358 3394 1501 3458 oratione
1530 3394 1679 3474 curabat,
1713 3394 1772 3461 sed
1795 3402 1828 3460 et
1849 3396 1955 3462 caecis

323 3498 473 3582 imposito
503 3498 605 3564 erucis
637 3498 729 3582 signo
752 3497 856 3562 visum
881 3496 1049 3563 reddebat.
1098 3496 1184 3560 Sane
1207 3495 1393 3579 paraliticos
1417 3495 1608 3580 saepissime
1629 3497 1673 3562 ad
1695 3498 1862 3583 pristinam
1885 3519 1956 3566 cor·

274 3601 410 3685 soporis
437 3599 632 3666 soliditatem
656 3620 750 3665 verus
773 3599 916 3665 medicus
939 3599 1050 3665 merito
1073 3598 1256 3665 medicante
1279 3599 1461 3665 revocabat.
1513 3600 1575 3684 (66)
1602 3600 1684 3666 Sunt
1706 3601 1803 3667 etiam
1826 3609 1859 3668 et
1879 3623 1956 3688 per-

323 3702 463 3788 plurima
485 3704 550 3768 alia
572 3704 642 3768 eius
665 3702 839 3785 miracula,
866 3722 949 3786 quae
973 3702 1049 3768 lieet
1071 3702 1192 3788 scripta
1214 3723 1277 3767 non
1300 3702 1519 3784 inveniantur,
1553 3710 1662 3768 tamen
1683 3705 1760 3786 quia
1782 3724 1859 3770 vera
1881 3712 1956 3772 sunt

325 3805 462 3871 deficere
484 3825 547 3870 non
569 3813 712 3889 possunt,
739 3805 797 3871 sed
819 3806 992 3871 multorum
1015 3825 1070 3872 ore
1092 3806 1306 3872 celebrantur.
1360 3807 1420 3890 (67)
1448 3805 1539 3871 Talis
1562 3806 1661 3890 igitur
1682 3807 1731 3871 vir
1753 3807 1806 3872 dei
1821 3807 1955 3873 antistes

413 4081 723 4143 1-1116666166666.
747 4085 793 4132 1³:
820 4082 884 4132 Cum
908 4097 965 4144 6166
988 4084 1138 4133 dissidentia
1161 4085 1228 4132 iuter
1251 4098 1278 4133 se
1302 4086 1373 4134 taciti
1395 4085 1501 4134 consilia
1525 4084 1666 4146 volverent,
1693 4098 1749 4134 6666
1775 4098 1820 4148 pro
1837 4085 1883 4134 hae
1900 4088 1956 4150 ipsa

325 4170 454 4217 electionis
480 4183 554 4217 66116
572 4169 678 4218 661116116
697 4170 822 4218 festinans
840 4172 929 4219 1166116
947 4170 1072 4219 Martinus
1089 4171 1206 4232 pontifex
1225 4171 1345 4220 ecclesiae
1363 4171 1501 4221 'turonicae
1519 4171 1693 4221 sanctissimus
1710 4173 1737 4219 in
1756 4170 1856 4221 61111616
1875 4186 1956 4222 sacer·

325 4255 370 4303 doa
388 4255 469 4315 611111,
490 4256 532 4303 611
550 4255 648 4305 16111661
666 4260 692 4304 61
709 4269 754 4317 per
771 4257 913 4306 sanctitatis
932 4258 1050 4305 meritum
1068 4261 1095 4305 61
1112 4270 1157 4319 per
1174 4258 1376 4320 metropolitanae
1395 4257 1462 4306 sedis
1480 4258 1641 4320 privilegium
1658 4262 1769 4319 potestas
1781 4264 1833 4309 arat
1845 4260 1956 4322 eligendi

325 4343 475 4403 pontificem.
513 4342 558 4389 Ait
576 4355 635 4402 6166
653 4341 684 4390 ad
702 4356 757 4390 eoa:
783 4343 839 4391 Viri
863 4344 968 4406 iratres,
997 4344 1083 4392 audite
1109 4356 1164 4392 me:
1192 4343 1258 4406 quod
1276 4359 1290 4391 6
1308 4343 1353 4393 deo
1371 4343 1480 4392 electum
1498 4349 1537 4394 661
1555 4343 1600 4393 1166
1618 4345 1678 4406 6111,
1705 4357 1755 4393 11611
1773 4346 1847 4394 vobis
1865 4346 1956 4396 durum

325 4440 381 4476 6616
404 4427 529 4475 videatur.
568 4427 699 4477 Maurllius
723 4430 851 4490 presbyter
875 4429 994 4478 ecclesiae
1013 4430 1179 4479 calonnensis
1198 4430 1303 4478 lubente
1322 4430 1366 4479 deu
1384 4431 1439 4492 ipse
1457 4432 1505 4479 erit
1522 4431 1592 4480 robis
1609 4431 1734 4493 pontifex.
1773 4431 1955 4483 ’1611161616-

325 4516 398 4562 ritate
417 4515 526 4563 censoris
544 4515 602 4562 ilico
620 4516 769 4577 compressis
786 4517 895 4577 partium
914 4516 1023 4577 studiis,
1043 4517 1109 4564 omui
1128 4528 1196 4564 mora
1214 4516 1352 4579 postposita
1369 4516 1400 4564 sd
1419 4517 1501 4564 virum
1519 4516 1784 4577 11111611111111111,
1809 4518 1956 4567 mandatum

324 4600 490 4663 accipientes,
519 4599 678 4660 1611116111,
706 4601 737 4649 ad
756 4603 843 4649 urbem
862 4607 964 4661 6666111
984 4603 1077 4650 venire.
1116 4602 1281 4661 incautam,
1303 4606 1332 4649 ut
1350 4607 1402 4650 erat
1420 4603 1570 4651 mitissimus
1589 4608 1664 4665 atque
1683 4609 1713 4652 11
1730 4603 1884 4668 reliquarum
1902 4606 1955 4653 vlr-

223 4704 225 4709 ⁴
325 4689 409 4734 tutum
427 4688 463 4734 116
481 4700 580 4749 quoque
599 4693 700 4734 sanctae
719 4688 893 4736 oboedientiae
912 4701 1015 4736 munere
1033 4688 1132 4749 plenus,
1153 4699 1202 4736 non
1221 4688 1371 4750 contempsit
1388 4689 1523 4751 imperium
1541 4689 1586 4738 sed
1605 4690 1754 4751 adimplevit
1771 4697 1942 4752 praeceptum.

414 4770 740 4833 10-241166661661161.
761 4773 796 4821 1..·
823 4772 876 4831 Quo
902 4775 1015 4834 11616666
1040 4775 1069 4822 11
1092 4774 1198 4822 ecclesia
1222 4786 1302 4822 eoram
1324 4776 1444 4822 universa
1467 4776 1634 4837 inspectantis
1658 4775 1740 4837 plebis
1763 4778 1908 4840 frequentia
1925 4777 1956 4825 ad

325 4859 535 4908 manifestandam
553 4860 657 4919 61611611
676 4858 771 4907 domiui
789 4860 905 4908 columba
923 4873 1000 4922 super
1016 4864 1091 4922 caput
1109 4860 1165 4908 eius
1183 4859 1321 4910 descendit.
1361 4858 1414 4919 Quo
1433 4861 1485 4911 1166
1503 4863 1585 4912 omnis
1604 4863 1739 4912 multitudo
1758 4863 1789 4911 sd
1806 4864 1873 4912 116611
1891 4862 1957 4912 Mar·

325 4944 375 4991 tini
397 4957 479 5004 66116
496 4958 523 4992 66
542 4950 731 5005 prostraverunt
748 4958 798 4994 nou
817 4946 895 4994 alium
914 4946 1097 4994 conclamantes
1115 4959 1190 5008 quam
1209 4945 1356 4995 Maurilium
1373 4946 1478 5007 dignum
1497 4961 1552 4997 esse
1570 4949 1731 5012 episcopatu,
1757 4963 1807 4998 uon
1825 4950 1855 4998 ab
1872 4951 1955 4999 homi-

326 5031 401 5077 nibus
423 5031 532 5078 electum
555 5031 600 5079 sed
622 5046 637 5080 a
661 5032 706 5080 deo
726 5033 773 5080 sibi
791 5033 933 5094 praesulem
951 5033 1149 5081 manifestatum.
1188 5034 1238 5080 Vbi
1256 5047 1315 5082 1616
1333 5047 1408 5097 super
1426 5040 1501 5096 caput
1519 5036 1575 5083 eius
1594 5036 1633 5083 vir
1651 5035 1692 5084 dai
1711 5035 1835 5084 Martinus
1854 5049 1956 5085 manum

324 5117 409 5177 posuit
432 5115 461 5163 ad
484 5130 577 5164 sacram
601 5118 802 5167 benedictionem
827 5119 988 5181 tradendam,
1013 5123 1074 5168 tunc
1099 5118 1214 5168 columba
1238 5133 1326 5169 rursus
1348 5120 1529 5170 circumvolans
1548 5120 1629 5184 ipsius
1648 5123 1840 5172 consecrationis
1858 5123 1955 5171 aditum

324 5200 403 5254 dedit.
445 5201 615 5264 Frequentius
639 5210 726 5267 postea
747 5206 835 5254 beatus
860 5204 985 5254 Martinus
1008 5219 1065 5254 cum
1088 5205 1178 5267 6611116
1204 5207 1231 5254 11
1254 5207 1401 5255 memoriam
1426 5209 1569 5270 revocabat,
1595 5208 1661 5270 quod
1686 5209 1826 5258 certissime
1851 5209 1956 5271 spiritus

324 5291 425 5336 sanctus
443 5293 469 5335 et
487 5289 632 5348 6166161111
651 5290 739 5339 chorus
758 5291 789 5339 ad
807 5293 889 5355 ipsam
907 5291 1111 5342 benedictionem
1128 5293 1250 5342 affuisset.

411 5371 596 5435 16-ρ.11,
618 5375 894 5439 151116661611666.
917 5382 965 5427 lt:
992 5378 1040 5426 Hic
1064 5381 1149 5441 itaque
1173 5383 1257 5441 pastor
1279 5381 1366 5429 611111
1390 5381 1471 5429 166111
1496 5387 1521 5428 61
1545 5393 1613 5429 1116
1637 5393 1669 5428 ex
1694 5380 1836 5442 apostolicis
1861 5381 1956 5430 domini

325 5459 496 5508 sacerdotibus
519 5461 615 5510 electus
640 5468 711 5511 16116
734 5464 858 5513 virtutum
880 5464 1009 5527 praeditus
1034 5469 1088 5513 6161
1111 5466 1206 5527 616116,
1232 5470 1262 5514 11
1284 5467 1356 5526 61616
1379 5479 1426 5528 per
1451 5480 1509 5515 eum
1533 5479 1583 5515 non
1602 5468 1687 5514 minua
1704 5479 1779 5528 quam
1798 5466 1894 5516 dudum
1911 5480 1957 5530 per

324 5545 446 5605 apostolos
472 5545 568 5595 domini
592 5549 689 5596 flerent.
728 5549 790 5598 Nam
813 5551 949 5600 daemones
971 5551 1044 5600 verbo
1066 5556 1166 5600 tantum
1185 5552 1297 5615 fugabat,
1324 5565 1410 5613 aegros
1429 5553 1483 5601 6616
1499 5554 1609 5601 61611616
1627 5554 1743 5615 curabat,
1771 5553 1815 5602 sed
1833 5558 1859 5602 et
1877 5555 1956 5602 caecis

325 5631 408 5678 risum
429 5630 562 5692 reddebat,
589 5634 736 5697 paralyticos
759 5636 791 5684 ad
816 5636 981 5685 stabilitatem
1005 5639 1112 5698 corporis
1137 5639 1266 5686 revocabat
1290 5643 1316 5687 61
1339 5639 1419 5687 multa
1438 5638 1486 5687 6116
1504 5642 1565 5688 6111
1582 5639 1639 5687 6111
1657 5641 1788 5702 miracula,
1816 5653 1955 5702 quaecum

324 5717 417 5779 scripta
440 5730 490 5765 non
512 5719 581 5780 sint,
607 5721 685 5768 etiam
703 5734 829 5771 1116616
849 5722 980 5771 homiuum
998 5723 1166 5773 celebrantur.
1206 5723 1956 5790 ’161161611111166616616111161111116111661616616616·

1693 5824 1747 5878 12·
