<?xml version="1.0" encoding="UTF-8"?>
<!DOCTYPE html PUBLIC "-//W3C//DTD XHTML 1.0 Transitional//EN"
    "http://www.w3.org/TR/xhtml1/DTD/xhtml1-transitional.dtd">
<html xmlns="http://www.w3.org/1999/xhtml" xml:lang="en" lang="en">
 <head>
  <title>
</title>
<meta http-equiv="Content-Type" content="text/html;charset=utf-8" />
  <meta name='ocr-system' content='tesseract 3.04.00' />
  <meta name='ocr-capabilities' content='ocr_page ocr_carea ocr_par ocr_line ocrx_word'/>
</head>
<body>
  <div class='ocr_page' id='page_1' title='image "./venantihonoricl00unkngoog_0321.png"; bbox 0 0 4374 6186; ppageno 0'>
   <div class='ocr_carea' id='block_1_1' title="bbox 1033 429 1532 521">
    <p class='ocr_par' dir='ltr' id='par_1_1' title="bbox 1033 429 1532 521">
     <span class='ocr_line' id='line_1_1' title="bbox 1033 429 1532 521; baseline 0.008 -34"><span class='ocrx_word' id='word_1_1' title='bbox 1033 429 1255 521; x_wconf 77' lang='lat' dir='ltr'><strong>FORTVNATI</strong></span> <span class='ocrx_word' id='word_1_2' title='bbox 1272 433 1472 491; x_wconf 80' lang='lat' dir='ltr'>CARMINVM</span> <span class='ocrx_word' id='word_1_3' title='bbox 1522 436 1532 449; x_wconf 92' lang='lat'><strong><em>‘</em></strong></span> 
     </span>
    </p>
   </div>
   <div class='ocr_carea' id='block_1_2' title="bbox 1144 797 1359 1012">
    <p class='ocr_par' dir='ltr' id='par_1_2' title="bbox 1144 797 1359 1012">
     <span class='ocr_line' id='line_1_2' title="bbox 1219 797 1283 861; baseline 0 0"><span class='ocrx_word' id='word_1_4' title='bbox 1219 797 1283 861; x_wconf 90' lang='lat' dir='ltr'>XX</span> 
     </span>
     <span class='ocr_line' id='line_1_3' title="bbox 1144 936 1359 1012; baseline 0.005 -2"><span class='ocrx_word' id='word_1_5' title='bbox 1144 936 1235 1011; x_wconf 86' lang='lat' dir='ltr'>Item</span> <span class='ocrx_word' id='word_1_6' title='bbox 1262 937 1359 1012; x_wconf 91' lang='lat' dir='ltr'>aliud</span> 
     </span>
    </p>
   </div>
   <div class='ocr_carea' id='block_1_3' title="bbox 711 1101 1794 1688">
    <p class='ocr_par' dir='ltr' id='par_1_3' title="bbox 711 1101 1794 1688">
     <span class='ocr_line' id='line_1_4' title="bbox 775 1101 1658 1191; baseline 0.001 -19"><span class='ocrx_word' id='word_1_7' title='bbox 775 1107 933 1172; x_wconf 76' lang='lat' dir='ltr'>Sollicitat</span> <span class='ocrx_word' id='word_1_8' title='bbox 955 1106 1111 1171; x_wconf 87' lang='lat' dir='ltr'>famulum</span> <span class='ocrx_word' id='word_1_9' title='bbox 1135 1106 1281 1172; x_wconf 89' lang='lat' dir='ltr'>dominae</span> <span class='ocrx_word' id='word_1_10' title='bbox 1305 1127 1364 1172; x_wconf 91' lang='lat' dir='ltr'>sua</span> <span class='ocrx_word' id='word_1_11' title='bbox 1386 1128 1462 1172; x_wconf 85' lang='lat' dir='ltr'>eura</span> <span class='ocrx_word' id='word_1_12' title='bbox 1483 1101 1658 1191; x_wconf 72' lang='lat' dir='ltr'>benignae,</span> 
     </span>
     <span class='ocr_line' id='line_1_5' title="bbox 861 1208 1526 1293; baseline 0.002 -19"><span class='ocrx_word' id='word_1_13' title='bbox 861 1209 999 1293; x_wconf 81' lang='lat' dir='ltr'>qualiter</span> <span class='ocrx_word' id='word_1_14' title='bbox 1020 1230 1041 1273; x_wconf 92' lang='lat' dir='ltr'>a</span> <span class='ocrx_word' id='word_1_15' title='bbox 1063 1208 1153 1274; x_wconf 90' lang='lat' dir='ltr'>vobis</span> <span class='ocrx_word' id='word_1_16' title='bbox 1175 1209 1261 1275; x_wconf 89' lang='lat' dir='ltr'>laeta</span> <span class='ocrx_word' id='word_1_17' title='bbox 1283 1210 1325 1275; x_wconf 93' lang='lat' dir='ltr'>sit</span> <span class='ocrx_word' id='word_1_18' title='bbox 1346 1216 1419 1275; x_wconf 89' lang='lat' dir='ltr'>aeta</span> <span class='ocrx_word' id='word_1_19' title='bbox 1441 1211 1526 1288; x_wconf 89' lang='lat' dir='ltr'>dies;</span> 
     </span>
     <span class='ocr_line' id='line_1_6' title="bbox 776 1311 1794 1397; baseline -0.001 -19"><span class='ocrx_word' id='word_1_20' title='bbox 776 1334 850 1378; x_wconf 92' lang='lat' dir='ltr'>nam</span> <span class='ocrx_word' id='word_1_21' title='bbox 874 1313 948 1377; x_wconf 91' lang='lat' dir='ltr'>dum</span> <span class='ocrx_word' id='word_1_22' title='bbox 972 1311 1101 1396; x_wconf 84' lang='lat' dir='ltr'>plaudis</span> <span class='ocrx_word' id='word_1_23' title='bbox 1123 1331 1240 1392; x_wconf 86' lang='lat' dir='ltr'>ovans,</span> <span class='ocrx_word' id='word_1_24' title='bbox 1266 1333 1339 1378; x_wconf 85' lang='lat' dir='ltr'>mea</span> <span class='ocrx_word' id='word_1_25' title='bbox 1361 1321 1435 1378; x_wconf 91' lang='lat' dir='ltr'>sunt</span> <span class='ocrx_word' id='word_1_26' title='bbox 1456 1321 1511 1378; x_wconf 90' lang='lat' dir='ltr'>tua</span> <span class='ocrx_word' id='word_1_27' title='bbox 1532 1314 1652 1397; x_wconf 89' lang='lat' dir='ltr'>gaudia</span> <span class='ocrx_word' id='word_1_28' title='bbox 1675 1315 1794 1378; x_wconf 85' lang='lat' dir='ltr'>maius:</span> 
     </span>
     <span class='ocr_line' id='line_1_7' title="bbox 861 1414 1774 1501; baseline 0.001 -20"><span class='ocrx_word' id='word_1_29' title='bbox 861 1422 936 1481; x_wconf 92' lang='lat' dir='ltr'>tune</span> <span class='ocrx_word' id='word_1_30' title='bbox 958 1415 1036 1480; x_wconf 91' lang='lat' dir='ltr'>mihi</span> <span class='ocrx_word' id='word_1_31' title='bbox 1059 1421 1134 1480; x_wconf 90' lang='lat' dir='ltr'>vota</span> <span class='ocrx_word' id='word_1_32' title='bbox 1157 1414 1282 1497; x_wconf 86' lang='lat' dir='ltr'>favent,</span> <span class='ocrx_word' id='word_1_33' title='bbox 1309 1417 1384 1481; x_wconf 90' lang='lat' dir='ltr'>dum</span> <span class='ocrx_word' id='word_1_34' title='bbox 1407 1417 1466 1483; x_wconf 92' lang='lat' dir='ltr'>tibi</span> <span class='ocrx_word' id='word_1_35' title='bbox 1490 1418 1631 1483; x_wconf 90' lang='lat' dir='ltr'>membra</span> <span class='ocrx_word' id='word_1_36' title='bbox 1654 1418 1774 1501; x_wconf 88' lang='lat' dir='ltr'>vigent.</span> 
     </span>
     <span class='ocr_line' id='line_1_8' title="bbox 711 1518 1697 1605; baseline 0.003 -24"><span class='ocrx_word' id='word_1_37' title='bbox 711 1546 722 1581; x_wconf 70' lang='lat' dir='ltr'>e</span> <span class='ocrx_word' id='word_1_38' title='bbox 776 1521 809 1584; x_wconf 92' lang='lat' dir='ltr'>ni</span> <span class='ocrx_word' id='word_1_39' title='bbox 832 1520 904 1584; x_wconf 90' lang='lat' dir='ltr'>vale</span> <span class='ocrx_word' id='word_1_40' title='bbox 926 1519 991 1583; x_wconf 91' lang='lat' dir='ltr'>iam</span> <span class='ocrx_word' id='word_1_41' title='bbox 1014 1518 1106 1600; x_wconf 87' lang='lat' dir='ltr'>feeit,</span> <span class='ocrx_word' id='word_1_42' title='bbox 1133 1526 1254 1603; x_wconf 83' lang='lat' dir='ltr'>spectet</span> <span class='ocrx_word' id='word_1_43' title='bbox 1276 1520 1360 1585; x_wconf 86' lang='lat' dir='ltr'>bona</span> <span class='ocrx_word' id='word_1_44' title='bbox 1382 1527 1489 1585; x_wconf 89' lang='lat' dir='ltr'>nostra</span> <span class='ocrx_word' id='word_1_45' title='bbox 1510 1541 1697 1605; x_wconf 81' lang='lat' dir='ltr'>parumper,</span> 
     </span>
     <span class='ocr_line' id='line_1_9' title="bbox 862 1621 1589 1688; baseline 0 -2"><span class='ocrx_word' id='word_1_46' title='bbox 862 1641 921 1687; x_wconf 89' lang='lat' dir='ltr'>nee</span> <span class='ocrx_word' id='word_1_47' title='bbox 944 1621 1002 1687; x_wconf 91' lang='lat' dir='ltr'>sub</span> <span class='ocrx_word' id='word_1_48' title='bbox 1025 1627 1117 1687; x_wconf 89' lang='lat' dir='ltr'>noete</span> <span class='ocrx_word' id='word_1_49' title='bbox 1139 1622 1241 1687; x_wconf 89' lang='lat' dir='ltr'>volet:</span> <span class='ocrx_word' id='word_1_50' title='bbox 1269 1628 1331 1688; x_wconf 88' lang='lat' dir='ltr'>stet</span> <span class='ocrx_word' id='word_1_51' title='bbox 1354 1623 1502 1688; x_wconf 85' lang='lat' dir='ltr'>veniente</span> <span class='ocrx_word' id='word_1_52' title='bbox 1525 1623 1589 1688; x_wconf 90' lang='lat' dir='ltr'>die.</span> 
     </span>
    </p>
   </div>
   <div class='ocr_carea' id='block_1_4' title="bbox 1142 1930 1357 2145">
    <p class='ocr_par' dir='ltr' id='par_1_4' title="bbox 1142 1930 1357 2145">
     <span class='ocr_line' id='line_1_10' title="bbox 1210 1930 1291 1995; baseline 0 0"><span class='ocrx_word' id='word_1_53' title='bbox 1210 1930 1291 1995; x_wconf 87' lang='lat' dir='ltr'>XXI</span> 
     </span>
     <span class='ocr_line' id='line_1_11' title="bbox 1142 2069 1357 2145; baseline 0.005 -2"><span class='ocrx_word' id='word_1_54' title='bbox 1142 2069 1233 2144; x_wconf 88' lang='lat' dir='ltr'>Item</span> <span class='ocrx_word' id='word_1_55' title='bbox 1260 2071 1357 2145; x_wconf 89' lang='lat' dir='ltr'>aliud</span> 
     </span>
    </p>
   </div>
   <div class='ocr_carea' id='block_1_5' title="bbox 678 2240 1747 3665">
    <p class='ocr_par' dir='ltr' id='par_1_5' title="bbox 774 2240 1616 2427">
     <span class='ocr_line' id='line_1_12' title="bbox 774 2240 1616 2322; baseline 0 -16"><span class='ocrx_word' id='word_1_56' title='bbox 774 2242 828 2306; x_wconf 75' lang='lat' dir='ltr'>bie</span> <span class='ocrx_word' id='word_1_57' title='bbox 850 2242 1000 2306; x_wconf 88' lang='lat' dir='ltr'>besterna</span> <span class='ocrx_word' id='word_1_58' title='bbox 1022 2240 1092 2306; x_wconf 90' lang='lat' dir='ltr'>dies</span> <span class='ocrx_word' id='word_1_59' title='bbox 1114 2245 1197 2304; x_wconf 86' lang='lat' dir='ltr'>totas</span> <span class='ocrx_word' id='word_1_60' title='bbox 1220 2240 1298 2304; x_wconf 89' lang='lat' dir='ltr'>mibi</span> <span class='ocrx_word' id='word_1_61' title='bbox 1322 2242 1482 2306; x_wconf 81' lang='lat' dir='ltr'>transtulit</span> <span class='ocrx_word' id='word_1_62' title='bbox 1505 2242 1616 2322; x_wconf 90' lang='lat' dir='ltr'>horas,</span> 
     </span>
     <span class='ocr_line' id='line_1_13' title="bbox 860 2344 1579 2427; baseline 0 -19"><span class='ocrx_word' id='word_1_63' title='bbox 860 2350 894 2408; x_wconf 90' lang='lat' dir='ltr'>ut</span> <span class='ocrx_word' id='word_1_64' title='bbox 916 2344 1027 2408; x_wconf 89' lang='lat' dir='ltr'>matris</span> <span class='ocrx_word' id='word_1_65' title='bbox 1051 2363 1160 2409; x_wconf 86' lang='lat' dir='ltr'>vocem</span> <span class='ocrx_word' id='word_1_66' title='bbox 1184 2362 1246 2407; x_wconf 92' lang='lat' dir='ltr'>non</span> <span class='ocrx_word' id='word_1_67' title='bbox 1268 2345 1424 2409; x_wconf 89' lang='lat' dir='ltr'>meruisse</span> <span class='ocrx_word' id='word_1_68' title='bbox 1448 2365 1579 2427; x_wconf 86' lang='lat' dir='ltr'>querar:</span> 
     </span>
    </p>

    <p class='ocr_par' dir='ltr' id='par_1_6' title="bbox 772 2446 1686 2634">
     <span class='ocr_line' id='line_1_14' title="bbox 772 2446 1686 2532; baseline -0.001 -20"><span class='ocrx_word' id='word_1_69' title='bbox 772 2448 911 2530; x_wconf 87' lang='lat' dir='ltr'>qualiter</span> <span class='ocrx_word' id='word_1_70' title='bbox 932 2466 1036 2530; x_wconf 90' lang='lat' dir='ltr'>agnus</span> <span class='ocrx_word' id='word_1_71' title='bbox 1059 2465 1171 2512; x_wconf 89' lang='lat' dir='ltr'>amans</span> <span class='ocrx_word' id='word_1_72' title='bbox 1194 2446 1365 2530; x_wconf 82' lang='lat' dir='ltr'>genetricis</span> <span class='ocrx_word' id='word_1_73' title='bbox 1388 2449 1428 2512; x_wconf 88' lang='lat' dir='ltr'>ab</span> <span class='ocrx_word' id='word_1_74' title='bbox 1453 2448 1551 2514; x_wconf 86' lang='lat' dir='ltr'>ubere</span> <span class='ocrx_word' id='word_1_75' title='bbox 1573 2449 1686 2532; x_wconf 90' lang='lat' dir='ltr'>pulsus</span> 
     </span>
     <span class='ocr_line' id='line_1_15' title="bbox 858 2549 1537 2634; baseline 0 -19"><span class='ocrx_word' id='word_1_76' title='bbox 858 2549 958 2616; x_wconf 89' lang='lat' dir='ltr'>tristis</span> <span class='ocrx_word' id='word_1_77' title='bbox 980 2556 1013 2615; x_wconf 89' lang='lat' dir='ltr'>et</span> <span class='ocrx_word' id='word_1_78' title='bbox 1034 2549 1181 2615; x_wconf 78' lang='lat' dir='ltr'>herbosis</span> <span class='ocrx_word' id='word_1_79' title='bbox 1204 2549 1320 2615; x_wconf 85' lang='lat' dir='ltr'>anxius</span> <span class='ocrx_word' id='word_1_80' title='bbox 1343 2558 1428 2616; x_wconf 91' lang='lat' dir='ltr'>errat</span> <span class='ocrx_word' id='word_1_81' title='bbox 1450 2551 1537 2634; x_wconf 84' lang='lat' dir='ltr'>agris</span> 
     </span>
    </p>

    <p class='ocr_par' dir='ltr' id='par_1_7' title="bbox 678 2652 1653 2737">
     <span class='ocr_line' id='line_1_16' title="bbox 678 2652 1653 2737; baseline -0.002 -19"><span class='ocrx_word' id='word_1_82' title='bbox 678 2656 680 2660; x_wconf 81' lang='grc'><strong>’</strong></span> <span class='ocrx_word' id='word_1_83' title='bbox 706 2702 710 2714; x_wconf 89' lang='grc'><strong>.</strong></span> <span class='ocrx_word' id='word_1_84' title='bbox 776 2658 870 2733; x_wconf 62' lang='lat' dir='ltr'>[nuno</span> <span class='ocrx_word' id='word_1_85' title='bbox 893 2652 976 2736; x_wconf 87' lang='lat' dir='ltr'>fugit</span> <span class='ocrx_word' id='word_1_86' title='bbox 997 2653 1040 2718; x_wconf 87' lang='lat' dir='ltr'>ad</span> <span class='ocrx_word' id='word_1_87' title='bbox 1063 2671 1193 2737; x_wconf 81' lang='lat' dir='ltr'>campos</span> <span class='ocrx_word' id='word_1_88' title='bbox 1216 2652 1335 2718; x_wconf 86' lang='lat' dir='ltr'>feriens</span> <span class='ocrx_word' id='word_1_89' title='bbox 1357 2653 1519 2718; x_wconf 88' lang='lat' dir='ltr'>balatibus</span> <span class='ocrx_word' id='word_1_90' title='bbox 1541 2672 1653 2729; x_wconf 71' lang='lat' dir='ltr'>auras,</span> 
     </span>
    </p>

    <p class='ocr_par' dir='ltr' id='par_1_8' title="bbox 858 2755 1747 2838">
     <span class='ocr_line' id='line_1_17' title="bbox 858 2755 1747 2838; baseline -0.001 -17"><span class='ocrx_word' id='word_1_91' title='bbox 858 2775 942 2821; x_wconf 89' lang='lat' dir='ltr'>nuno</span> <span class='ocrx_word' id='word_1_92' title='bbox 965 2755 1048 2821; x_wconf 89' lang='lat' dir='ltr'>redit</span> <span class='ocrx_word' id='word_1_93' title='bbox 1069 2755 1112 2821; x_wconf 93' lang='lat' dir='ltr'>ad</span> <span class='ocrx_word' id='word_1_94' title='bbox 1135 2756 1263 2831; x_wconf 82' lang='lat' dir='ltr'>caulas,</span> <span class='ocrx_word' id='word_1_95' title='bbox 1289 2776 1348 2821; x_wconf 87' lang='lat' dir='ltr'>nee</span> <span class='ocrx_word' id='word_1_96' title='bbox 1372 2757 1441 2821; x_wconf 89' lang='lat' dir='ltr'>sine</span> <span class='ocrx_word' id='word_1_97' title='bbox 1463 2762 1564 2821; x_wconf 87' lang='lat' dir='ltr'>matre</span> <span class='ocrx_word' id='word_1_98' title='bbox 1587 2757 1747 2838; x_wconf 23' lang='lat' dir='ltr'>placent),¹</span> 
     </span>
    </p>

    <p class='ocr_par' dir='ltr' id='par_1_9' title="bbox 772 2858 1599 3028">
     <span class='ocr_line' id='line_1_18' title="bbox 772 2858 1588 2941; baseline -0.002 -16"><span class='ocrx_word' id='word_1_99' title='bbox 772 2861 819 2925; x_wconf 89' lang='lat' dir='ltr'>sie</span> <span class='ocrx_word' id='word_1_100' title='bbox 840 2880 891 2925; x_wconf 89' lang='lat' dir='ltr'>me</span> <span class='ocrx_word' id='word_1_101' title='bbox 915 2858 955 2924; x_wconf 89' lang='lat' dir='ltr'>de</span> <span class='ocrx_word' id='word_1_102' title='bbox 978 2859 1094 2924; x_wconf 86' lang='lat' dir='ltr'>vestris</span> <span class='ocrx_word' id='word_1_103' title='bbox 1116 2858 1281 2923; x_wconf 87' lang='lat' dir='ltr'>absentem</span> <span class='ocrx_word' id='word_1_104' title='bbox 1305 2878 1441 2941; x_wconf 89' lang='lat' dir='ltr'>suggero</span> <span class='ocrx_word' id='word_1_105' title='bbox 1465 2859 1588 2936; x_wconf 82' lang='lat' dir='ltr'>verbis3</span> 
     </span>
     <span class='ocr_line' id='line_1_19' title="bbox 857 2961 1599 3028; baseline -0.003 -1"><span class='ocrx_word' id='word_1_106' title='bbox 857 2963 913 3027; x_wconf 81' lang='lat' dir='ltr'>vix</span> <span class='ocrx_word' id='word_1_107' title='bbox 934 2969 1021 3028; x_wconf 90' lang='lat' dir='ltr'>tenet</span> <span class='ocrx_word' id='word_1_108' title='bbox 1042 2961 1168 3027; x_wconf 85' lang='lat' dir='ltr'>inoluso</span> <span class='ocrx_word' id='word_1_109' title='bbox 1190 2981 1274 3027; x_wconf 88' lang='lat' dir='ltr'>nune</span> <span class='ocrx_word' id='word_1_110' title='bbox 1298 2961 1410 3027; x_wconf 90' lang='lat' dir='ltr'>domus</span> <span class='ocrx_word' id='word_1_111' title='bbox 1432 2982 1497 3027; x_wconf 88' lang='lat' dir='ltr'>una</span> <span class='ocrx_word' id='word_1_112' title='bbox 1520 2962 1599 3027; x_wconf 89' lang='lat' dir='ltr'>looo.</span> 
     </span>
    </p>

    <p class='ocr_par' dir='ltr' id='par_1_10' title="bbox 772 3062 1702 3252">
     <span class='ocr_line' id='line_1_20' title="bbox 772 3062 1702 3149; baseline -0.002 -17"><span class='ocrx_word' id='word_1_113' title='bbox 772 3066 829 3133; x_wconf 88' lang='lat' dir='ltr'>sed</span> <span class='ocrx_word' id='word_1_114' title='bbox 851 3064 956 3131; x_wconf 83' lang='lat' dir='ltr'>refero</span> <span class='ocrx_word' id='word_1_115' title='bbox 979 3064 1054 3129; x_wconf 89' lang='lat' dir='ltr'>bine</span> <span class='ocrx_word' id='word_1_116' title='bbox 1075 3070 1183 3147; x_wconf 83' lang='lat' dir='ltr'>grates</span> <span class='ocrx_word' id='word_1_117' title='bbox 1206 3062 1353 3148; x_wconf 81' lang='lat' dir='ltr'>placidae</span> <span class='ocrx_word' id='word_1_118' title='bbox 1376 3085 1534 3148; x_wconf 88' lang='lat' dir='ltr'>earaeque</span> <span class='ocrx_word' id='word_1_119' title='bbox 1561 3067 1702 3149; x_wconf 62' lang='lat' dir='ltr'>pererit,</span> 
     </span>
     <span class='ocr_line' id='line_1_21' title="bbox 857 3165 1506 3252; baseline -0.002 -18"><span class='ocrx_word' id='word_1_120' title='bbox 857 3166 942 3251; x_wconf 87' lang='lat' dir='ltr'>quod</span> <span class='ocrx_word' id='word_1_121' title='bbox 964 3187 1016 3233; x_wconf 94' lang='lat' dir='ltr'>me</span> <span class='ocrx_word' id='word_1_122' title='bbox 1038 3166 1198 3233; x_wconf 81' lang='lat' dir='ltr'>consuluit</span> <span class='ocrx_word' id='word_1_123' title='bbox 1221 3165 1261 3232; x_wconf 88' lang='lat' dir='ltr'>de</span> <span class='ocrx_word' id='word_1_124' title='bbox 1283 3166 1412 3252; x_wconf 86' lang='lat' dir='ltr'>pietatis</span> <span class='ocrx_word' id='word_1_125' title='bbox 1435 3187 1506 3252; x_wconf 88' lang='lat' dir='ltr'>ope.</span> 
     </span>
    </p>

    <p class='ocr_par' dir='ltr' id='par_1_11' title="bbox 771 3269 1627 3355">
     <span class='ocr_line' id='line_1_22' title="bbox 771 3269 1627 3355; baseline -0.004 -17"><span class='ocrx_word' id='word_1_126' title='bbox 771 3280 805 3338; x_wconf 90' lang='lat' dir='ltr'>tu</span> <span class='ocrx_word' id='word_1_127' title='bbox 827 3271 946 3338; x_wconf 88' lang='lat' dir='ltr'>retines</span> <span class='ocrx_word' id='word_1_128' title='bbox 968 3270 1128 3352; x_wconf 89' lang='lat' dir='ltr'>medium,</span> <span class='ocrx_word' id='word_1_129' title='bbox 1153 3269 1294 3336; x_wconf 88' lang='lat' dir='ltr'>medium</span> <span class='ocrx_word' id='word_1_130' title='bbox 1317 3291 1368 3337; x_wconf 89' lang='lat' dir='ltr'>me</span> <span class='ocrx_word' id='word_1_131' title='bbox 1390 3270 1534 3355; x_wconf 90' lang='lat' dir='ltr'>possidet</span> <span class='ocrx_word' id='word_1_132' title='bbox 1554 3271 1627 3336; x_wconf 84' lang='lat' dir='ltr'>illa:</span> 
     </span>
    </p>

    <p class='ocr_par' dir='ltr' id='par_1_12' title="bbox 808 3372 1620 3458">
     <span class='ocr_line' id='line_1_23' title="bbox 808 3372 1620 3458; baseline -0.004 -17"><span class='ocrx_word' id='word_1_133' title='bbox 808 3388 814 3398; x_wconf 85' lang='lat'><strong><em>‘</em></strong></span> <span class='ocrx_word' id='word_1_134' title='bbox 857 3396 928 3441; x_wconf 91' lang='lat' dir='ltr'>eum</span> <span class='ocrx_word' id='word_1_135' title='bbox 951 3373 1098 3458; x_wconf 90' lang='lat' dir='ltr'>geminas</span> <span class='ocrx_word' id='word_1_136' title='bbox 1120 3372 1232 3454; x_wconf 91' lang='lat' dir='ltr'>video,</span> <span class='ocrx_word' id='word_1_137' title='bbox 1260 3379 1335 3439; x_wconf 91' lang='lat' dir='ltr'>tuno</span> <span class='ocrx_word' id='word_1_138' title='bbox 1357 3394 1418 3457; x_wconf 90' lang='lat' dir='ltr'>ego</span> <span class='ocrx_word' id='word_1_139' title='bbox 1440 3380 1524 3440; x_wconf 89' lang='lat' dir='ltr'>totus</span> <span class='ocrx_word' id='word_1_140' title='bbox 1546 3395 1620 3457; x_wconf 88' lang='lat' dir='ltr'>ago.</span> 
     </span>
    </p>

    <p class='ocr_par' dir='ltr' id='par_1_13' title="bbox 770 3477 1736 3562">
     <span class='ocr_line' id='line_1_24' title="bbox 770 3477 1736 3562; baseline -0.002 -17"><span class='ocrx_word' id='word_1_141' title='bbox 770 3499 855 3546; x_wconf 89' lang='lat' dir='ltr'>nune</span> <span class='ocrx_word' id='word_1_142' title='bbox 877 3478 950 3562; x_wconf 87' lang='lat' dir='ltr'>tibi,</span> <span class='ocrx_word' id='word_1_143' title='bbox 977 3497 1069 3558; x_wconf 88' lang='lat' dir='ltr'>eara,</span> <span class='ocrx_word' id='word_1_144' title='bbox 1096 3496 1207 3561; x_wconf 88' lang='lat' dir='ltr'>preeor</span> <span class='ocrx_word' id='word_1_145' title='bbox 1228 3477 1399 3559; x_wconf 87' lang='lat' dir='ltr'>Martinus,</span> <span class='ocrx_word' id='word_1_146' title='bbox 1426 3477 1570 3542; x_wconf 85' lang='lat' dir='ltr'>Hilarius</span> <span class='ocrx_word' id='word_1_147' title='bbox 1592 3477 1736 3558; x_wconf 90' lang='lat' dir='ltr'>adstent,</span> 
     </span>
    </p>

    <p class='ocr_par' dir='ltr' id='par_1_14' title="bbox 857 3580 1541 3665">
     <span class='ocr_line' id='line_1_25' title="bbox 857 3580 1541 3665; baseline -0.007 -16"><span class='ocrx_word' id='word_1_148' title='bbox 857 3590 891 3649; x_wconf 89' lang='lat' dir='ltr'>et</span> <span class='ocrx_word' id='word_1_149' title='bbox 910 3589 942 3648; x_wconf 87' lang='lat' dir='ltr'>te</span> <span class='ocrx_word' id='word_1_150' title='bbox 964 3581 1017 3648; x_wconf 89' lang='lat' dir='ltr'>vel</span> <span class='ocrx_word' id='word_1_151' title='bbox 1039 3587 1132 3646; x_wconf 88' lang='lat' dir='ltr'>natos</span> <span class='ocrx_word' id='word_1_152' title='bbox 1155 3599 1229 3665; x_wconf 89' lang='lat' dir='ltr'>spes</span> <span class='ocrx_word' id='word_1_153' title='bbox 1252 3587 1342 3664; x_wconf 89' lang='lat' dir='ltr'>tegat</span> <span class='ocrx_word' id='word_1_154' title='bbox 1363 3601 1428 3645; x_wconf 88' lang='lat' dir='ltr'>una</span> <span class='ocrx_word' id='word_1_155' title='bbox 1450 3580 1541 3646; x_wconf 92' lang='lat' dir='ltr'>deus.</span> 
     </span>
    </p>
   </div>
   <div class='ocr_carea' id='block_1_6' title="bbox 1139 3888 1356 4103">
    <p class='ocr_par' dir='ltr' id='par_1_15' title="bbox 1139 3888 1356 4103">
     <span class='ocr_line' id='line_1_26' title="bbox 1198 3888 1296 3953; baseline 0 0"><span class='ocrx_word' id='word_1_156' title='bbox 1198 3888 1296 3953; x_wconf 87' lang='lat' dir='ltr'>XXII</span> 
     </span>
     <span class='ocr_line' id='line_1_27' title="bbox 1139 4026 1356 4103; baseline 0.009 -3"><span class='ocrx_word' id='word_1_157' title='bbox 1139 4026 1232 4103; x_wconf 92' lang='lat' dir='ltr'>Item</span> <span class='ocrx_word' id='word_1_158' title='bbox 1259 4028 1356 4102; x_wconf 89' lang='lat' dir='ltr'>aliud</span> 
     </span>
    </p>
   </div>
   <div class='ocr_carea' id='block_1_7' title="bbox 705 4198 1776 5000">
    <p class='ocr_par' dir='ltr' id='par_1_16' title="bbox 770 4198 1675 4387">
     <span class='ocr_line' id='line_1_28' title="bbox 770 4198 1675 4283; baseline -0.003 -18"><span class='ocrx_word' id='word_1_159' title='bbox 770 4201 804 4265; x_wconf 85' lang='lat' dir='ltr'>si</span> <span class='ocrx_word' id='word_1_160' title='bbox 828 4220 952 4283; x_wconf 85' lang='lat' dir='ltr'>nequeo</span> <span class='ocrx_word' id='word_1_161' title='bbox 975 4217 1147 4283; x_wconf 89' lang='lat' dir='ltr'>praesens,</span> <span class='ocrx_word' id='word_1_162' title='bbox 1173 4199 1292 4264; x_wconf 87' lang='lat' dir='ltr'>absens</span> <span class='ocrx_word' id='word_1_163' title='bbox 1314 4198 1371 4263; x_wconf 91' lang='lat' dir='ltr'>tibi</span> <span class='ocrx_word' id='word_1_164' title='bbox 1395 4199 1484 4263; x_wconf 92' lang='lat' dir='ltr'>solvo</span> <span class='ocrx_word' id='word_1_165' title='bbox 1506 4199 1675 4271; x_wconf 84' lang='lat' dir='ltr'>tributum,</span> 
     </span>
     <span class='ocr_line' id='line_1_29' title="bbox 856 4302 1630 4387; baseline -0.003 -19"><span class='ocrx_word' id='word_1_166' title='bbox 856 4308 891 4368; x_wconf 90' lang='lat' dir='ltr'>ut</span> <span class='ocrx_word' id='word_1_167' title='bbox 912 4302 1024 4387; x_wconf 87' lang='lat' dir='ltr'>probet</span> <span class='ocrx_word' id='word_1_168' title='bbox 1046 4302 1211 4382; x_wconf 78' lang='lat' dir='ltr'>affectum,</span> <span class='ocrx_word' id='word_1_169' title='bbox 1239 4307 1341 4366; x_wconf 87' lang='lat' dir='ltr'>mater</span> <span class='ocrx_word' id='word_1_170' title='bbox 1363 4308 1487 4382; x_wconf 82' lang='lat' dir='ltr'>amata,</span> <span class='ocrx_word' id='word_1_171' title='bbox 1513 4322 1630 4367; x_wconf 91' lang='lat' dir='ltr'>meum.</span> 
     </span>
    </p>

    <p class='ocr_par' dir='ltr' id='par_1_17' title="bbox 770 4403 1776 4593">
     <span class='ocr_line' id='line_1_30' title="bbox 770 4403 1776 4489; baseline -0.004 -17"><span class='ocrx_word' id='word_1_172' title='bbox 770 4407 798 4472; x_wconf 92' lang='lat' dir='ltr'>si</span> <span class='ocrx_word' id='word_1_173' title='bbox 820 4427 883 4472; x_wconf 91' lang='lat' dir='ltr'>non</span> <span class='ocrx_word' id='word_1_174' title='bbox 907 4425 1010 4471; x_wconf 90' lang='lat' dir='ltr'>essem</span> <span class='ocrx_word' id='word_1_175' title='bbox 1038 4405 1198 4487; x_wconf 83' lang='lat' dir='ltr'>[absensl,</span> <span class='ocrx_word' id='word_1_176' title='bbox 1226 4404 1364 4470; x_wconf 83' lang='lat' dir='ltr'>lacerem</span> <span class='ocrx_word' id='word_1_177' title='bbox 1389 4403 1612 4489; x_wconf 81' lang='lat' dir='ltr'>quodcumque</span> <span class='ocrx_word' id='word_1_178' title='bbox 1633 4406 1776 4471; x_wconf 86' lang='lat' dir='ltr'>iuberes:</span> 
     </span>
     <span class='ocr_line' id='line_1_31' title="bbox 856 4507 1542 4593; baseline -0.003 -18"><span class='ocrx_word' id='word_1_179' title='bbox 856 4508 1018 4593; x_wconf 89' lang='lat' dir='ltr'>obsequiis</span> <span class='ocrx_word' id='word_1_180' title='bbox 1041 4507 1150 4592; x_wconf 81' lang='lat' dir='ltr'>parvis</span> <span class='ocrx_word' id='word_1_181' title='bbox 1173 4508 1253 4573; x_wconf 86' lang='lat' dir='ltr'>forte</span> <span class='ocrx_word' id='word_1_182' title='bbox 1276 4509 1418 4592; x_wconf 88' lang='lat' dir='ltr'>plaeeret</span> <span class='ocrx_word' id='word_1_183' title='bbox 1439 4508 1542 4587; x_wconf 83' lang='lat' dir='ltr'>iners3</span> 
     </span>
    </p>

    <p class='ocr_par' dir='ltr' id='par_1_18' title="bbox 705 4610 1550 4699">
     <span class='ocr_line' id='line_1_32' title="bbox 705 4610 1550 4699; baseline 0 -23"><span class='ocrx_word' id='word_1_184' title='bbox 705 4638 717 4676; x_wconf 76' lang='lat' dir='ltr'>o</span> <span class='ocrx_word' id='word_1_185' title='bbox 771 4620 899 4699; x_wconf 84' lang='lat' dir='ltr'>pectore</span> <span class='ocrx_word' id='word_1_186' title='bbox 922 4611 1038 4677; x_wconf 87' lang='lat' dir='ltr'>devoto</span> <span class='ocrx_word' id='word_1_187' title='bbox 1060 4618 1111 4676; x_wconf 91' lang='lat' dir='ltr'>set</span> <span class='ocrx_word' id='word_1_188' title='bbox 1131 4610 1250 4676; x_wconf 86' lang='lat' dir='ltr'>rustioa</span> <span class='ocrx_word' id='word_1_189' title='bbox 1272 4610 1385 4693; x_wconf 86' lang='lat' dir='ltr'>lingua</span> <span class='ocrx_word' id='word_1_190' title='bbox 1407 4610 1550 4676; x_wconf 88' lang='lat' dir='ltr'>dedisset</span> 
     </span>
    </p>

    <p class='ocr_par' dir='ltr' id='par_1_19' title="bbox 858 4713 1580 4801">
     <span class='ocr_line' id='line_1_33' title="bbox 858 4713 1580 4801; baseline -0.003 -21"><span class='ocrx_word' id='word_1_191' title='bbox 858 4715 994 4801; x_wconf 91' lang='lat' dir='ltr'>pastoris</span> <span class='ocrx_word' id='word_1_192' title='bbox 1016 4714 1140 4779; x_wconf 89' lang='lat' dir='ltr'>ealamo</span> <span class='ocrx_word' id='word_1_193' title='bbox 1163 4713 1273 4779; x_wconf 87' lang='lat' dir='ltr'>matris</span> <span class='ocrx_word' id='word_1_194' title='bbox 1294 4713 1328 4778; x_wconf 92' lang='lat' dir='ltr'>in</span> <span class='ocrx_word' id='word_1_195' title='bbox 1350 4734 1428 4779; x_wconf 85' lang='lat' dir='ltr'>aure</span> <span class='ocrx_word' id='word_1_196' title='bbox 1451 4733 1580 4791; x_wconf 85' lang='lat' dir='ltr'>sonum;</span> 
     </span>
    </p>

    <p class='ocr_par' dir='ltr' id='par_1_20' title="bbox 771 4816 1677 5000">
     <span class='ocr_line' id='line_1_34' title="bbox 771 4816 1677 4904; baseline -0.006 -19"><span class='ocrx_word' id='word_1_197' title='bbox 771 4818 913 4904; x_wconf 89' lang='lat' dir='ltr'>imperiis</span> <span class='ocrx_word' id='word_1_198' title='bbox 936 4816 1097 4883; x_wconf 84' lang='lat' dir='ltr'>famulans</span> <span class='ocrx_word' id='word_1_199' title='bbox 1119 4824 1254 4883; x_wconf 89' lang='lat' dir='ltr'>tererem</span> <span class='ocrx_word' id='word_1_200' title='bbox 1277 4836 1350 4882; x_wconf 91' lang='lat' dir='ltr'>mea</span> <span class='ocrx_word' id='word_1_201' title='bbox 1372 4817 1516 4882; x_wconf 88' lang='lat' dir='ltr'>membra</span> <span class='ocrx_word' id='word_1_202' title='bbox 1538 4816 1677 4898; x_wconf 91' lang='lat' dir='ltr'>diurnis,</span> 
     </span>
     <span class='ocr_line' id='line_1_35' title="bbox 859 4919 1561 5000; baseline -0.003 -14"><span class='ocrx_word' id='word_1_203' title='bbox 859 4920 1016 4988; x_wconf 89' lang='lat' dir='ltr'>servirent</span> <span class='ocrx_word' id='word_1_204' title='bbox 1039 4919 1187 4986; x_wconf 88' lang='lat' dir='ltr'>dominae</span> <span class='ocrx_word' id='word_1_205' title='bbox 1210 4919 1340 4986; x_wconf 86' lang='lat' dir='ltr'>subdita</span> <span class='ocrx_word' id='word_1_206' title='bbox 1362 4921 1447 4985; x_wconf 90' lang='lat' dir='ltr'>eolla</span> <span class='ocrx_word' id='word_1_207' title='bbox 1468 4938 1561 5000; x_wconf 82' lang='lat' dir='ltr'>suue3</span> 
     </span>
    </p>
   </div>
   <div class='ocr_carea' id='block_1_8' title="bbox 398 5210 2063 5544">
    <p class='ocr_par' dir='ltr' id='par_1_21' title="bbox 398 5210 2027 5367">
     <span class='ocr_line' id='line_1_36' title="bbox 398 5210 2027 5284; baseline -0.004 -14"><span class='ocrx_word' id='word_1_208' title='bbox 398 5274 402 5282; x_wconf 62' lang='grc'><strong>,</strong></span> <span class='ocrx_word' id='word_1_209' title='bbox 508 5221 557 5269; x_wconf 85' lang='lat' dir='ltr'>XX</span> <span class='ocrx_word' id='word_1_210' title='bbox 626 5216 747 5280; x_wconf 64' lang='lat'>21256&#39;</span> <span class='ocrx_word' id='word_1_211' title='bbox 835 5213 925 5284; x_wconf 68' lang='lat' dir='ltr'>isus]</span> <span class='ocrx_word' id='word_1_212' title='bbox 942 5216 1002 5277; x_wconf 77' lang='lat' dir='ltr'>fort.</span> <span class='ocrx_word' id='word_1_213' title='bbox 1018 5219 1060 5279; x_wconf 80' lang='lat' dir='ltr'>pia</span> <span class='ocrx_word' id='word_1_214' title='bbox 1148 5216 1257 5276; x_wconf 83' lang='lat' dir='ltr'>benigne</span> <span class='ocrx_word' id='word_1_215' title='bbox 1349 5215 1441 5265; x_wconf 71' lang='lat' dir='ltr'>ddum</span> <span class='ocrx_word' id='word_1_216' title='bbox 1458 5210 1612 5281; x_wconf 68' lang='lat' dir='ltr'>duorardus]</span> <span class='ocrx_word' id='word_1_217' title='bbox 1630 5214 1725 5262; x_wconf 87' lang='lat' dir='ltr'>dudum</span> <span class='ocrx_word' id='word_1_218' title='bbox 1813 5216 1939 5275; x_wconf 69' lang='lat' dir='ltr'>maiust-f.</span> <span class='ocrx_word' id='word_1_219' title='bbox 1956 5221 1979 5277; x_wconf 75' lang='lat'>9,</span> <span class='ocrx_word' id='word_1_220' title='bbox 1996 5219 2027 5263; x_wconf 75' lang='grc'>11</span> 
     </span>
     <span class='ocr_line' id='line_1_37' title="bbox 438 5296 1931 5367; baseline -0.004 -11"><span class='ocrx_word' id='word_1_221' title='bbox 438 5311 503 5357; x_wconf 79' lang='lat' dir='ltr'>iuter</span> <span class='ocrx_word' id='word_1_222' title='bbox 519 5323 544 5356; x_wconf 83' lang='lat' dir='ltr'>o.</span> <span class='ocrx_word' id='word_1_223' title='bbox 565 5311 580 5354; x_wconf 66' lang='lat' dir='ltr'>d</span> <span class='ocrx_word' id='word_1_224' title='bbox 599 5312 622 5356; x_wconf 77' lang='lat' dir='ltr'>et</span> <span class='ocrx_word' id='word_1_225' title='bbox 641 5311 656 5357; x_wconf 78' lang='grc'><strong><em>5</em></strong></span> <span class='ocrx_word' id='word_1_226' title='bbox 675 5305 850 5356; x_wconf 77' lang='lat' dir='ltr'>tateretdmmt</span> <span class='ocrx_word' id='word_1_227' title='bbox 867 5318 952 5353; x_wconf 76' lang='lat' dir='ltr'>veram</span> <span class='ocrx_word' id='word_1_228' title='bbox 970 5305 1130 5354; x_wconf 78' lang='lat' dir='ltr'>nomenoius</span> <span class='ocrx_word' id='word_1_229' title='bbox 1148 5305 1297 5352; x_wconf 79' lang='lat' dir='ltr'>continentes</span> <span class='ocrx_word' id='word_1_230' title='bbox 1315 5305 1356 5365; x_wconf 79' lang='lat' dir='ltr'>qm·</span> <span class='ocrx_word' id='word_1_231' title='bbox 1376 5300 1552 5362; x_wconf 61' lang='lat' dir='ltr'>masnadam</span> <span class='ocrx_word' id='word_1_232' title='bbox 1568 5305 1713 5349; x_wconf 79' lang='lat' dir='ltr'>eonomerat</span> <span class='ocrx_word' id='word_1_233' title='bbox 1818 5299 1833 5346; x_wconf 81' lang='lat'>5</span> <span class='ocrx_word' id='word_1_234' title='bbox 1851 5296 1890 5367; x_wconf 89' lang='lat' dir='ltr'>ni]</span> <span class='ocrx_word' id='word_1_235' title='bbox 1909 5303 1931 5350; x_wconf 86' lang='lat' dir='ltr'>si</span> 
     </span>
    </p>

    <p class='ocr_par' dir='ltr' id='par_1_22' title="bbox 440 5385 2063 5544">
     <span class='ocr_line' id='line_1_38' title="bbox 506 5385 2063 5456; baseline -0.005 -13"><span class='ocrx_word' id='word_1_236' title='bbox 506 5394 568 5443; x_wconf 88' lang='lat' dir='ltr'>XXI</span> <span class='ocrx_word' id='word_1_237' title='bbox 639 5393 663 5442; x_wconf 88' lang='grc' dir='ltr'><strong><em>Σ</em></strong></span> <span class='ocrx_word' id='word_1_238' title='bbox 680 5391 703 5454; x_wconf 74' lang='lat' dir='ltr'>f.</span> <span class='ocrx_word' id='word_1_239' title='bbox 724 5389 771 5441; x_wconf 62' lang='lat' dir='ltr'>tuf</span> <span class='ocrx_word' id='word_1_240' title='bbox 876 5391 1027 5440; x_wconf 77' lang='lat' dir='ltr'>lbssterna</span> <span class='ocrx_word' id='word_1_241' title='bbox 1048 5385 1203 5456; x_wconf 68' lang='lat' dir='ltr'>Gunurdus]</span> <span class='ocrx_word' id='word_1_242' title='bbox 1221 5394 1305 5438; x_wconf 76' lang='lat' dir='ltr'>sterne</span> <span class='ocrx_word' id='word_1_243' title='bbox 1392 5388 1531 5438; x_wconf 81' lang='lat' dir='ltr'>transtulllt</span> <span class='ocrx_word' id='word_1_244' title='bbox 1634 5387 1763 5435; x_wconf 72' lang='lat' dir='ltr'>derbosis</span> <span class='ocrx_word' id='word_1_245' title='bbox 1781 5387 1886 5435; x_wconf 75' lang='lat' dir='ltr'>anexius</span> <span class='ocrx_word' id='word_1_246' title='bbox 1991 5386 2063 5436; x_wconf 75' lang='lat' dir='ltr'>Ste-</span> 
     </span>
     <span class='ocr_line' id='line_1_39' title="bbox 440 5472 2063 5544; baseline -0.005 -15"><span class='ocrx_word' id='word_1_247' title='bbox 440 5481 479 5529; x_wconf 89' lang='lat' dir='ltr'>nlt</span> <span class='ocrx_word' id='word_1_248' title='bbox 565 5479 718 5528; x_wconf 78' lang='lat' dir='ltr'>ilreterob.</span> <span class='ocrx_word' id='word_1_249' title='bbox 733 5483 815 5540; x_wconf 80' lang='lat' dir='ltr'>grates</span> <span class='ocrx_word' id='word_1_250' title='bbox 828 5474 987 5544; x_wconf 75' lang='lat' dir='ltr'>Guerurdua]</span> <span class='ocrx_word' id='word_1_251' title='bbox 1006 5478 1107 5525; x_wconf 82' lang='lat' dir='ltr'>referb.</span> <span class='ocrx_word' id='word_1_252' title='bbox 1123 5476 1200 5537; x_wconf 79' lang='lat' dir='ltr'>gratis</span> <span class='ocrx_word' id='word_1_253' title='bbox 1288 5476 1364 5524; x_wconf 87' lang='lat' dir='ltr'>sorori</span> <span class='ocrx_word' id='word_1_254' title='bbox 1377 5474 1435 5524; x_wconf 82' lang='lat' dir='ltr'>odd.</span> <span class='ocrx_word' id='word_1_255' title='bbox 1451 5475 1593 5523; x_wconf 77' lang='lat' dir='ltr'>Goerordas</span> <span class='ocrx_word' id='word_1_256' title='bbox 1691 5472 1721 5521; x_wconf 85' lang='grc'>10</span> <span class='ocrx_word' id='word_1_257' title='bbox 1741 5474 1864 5521; x_wconf 88' lang='lat' dir='ltr'>eousoluit</span> <span class='ocrx_word' id='word_1_258' title='bbox 1962 5472 1988 5521; x_wconf 90' lang='lat' dir='ltr'>ll</span> <span class='ocrx_word' id='word_1_259' title='bbox 2010 5487 2063 5521; x_wconf 83' lang='lat' dir='ltr'>me-</span> 
     </span>
    </p>
   </div>
   <div class='ocr_carea' id='block_1_9' title="bbox 437 5562 2065 5717">
    <p class='ocr_par' dir='ltr' id='par_1_23' title="bbox 437 5562 2065 5717">
     <span class='ocr_line' id='line_1_40' title="bbox 437 5562 1174 5626; baseline -0.004 -13"><span class='ocrx_word' id='word_1_260' title='bbox 437 5565 508 5614; x_wconf 83' lang='lat' dir='ltr'>dium</span> <span class='ocrx_word' id='word_1_261' title='bbox 527 5568 545 5613; x_wconf 83' lang='lat' dir='ltr'>i.</span> <span class='ocrx_word' id='word_1_262' title='bbox 565 5580 585 5615; x_wconf 77' lang='lat' dir='ltr'>e.</span> <span class='ocrx_word' id='word_1_263' title='bbox 606 5566 740 5615; x_wconf 84' lang='lat' dir='ltr'>dimidium</span> <span class='ocrx_word' id='word_1_264' title='bbox 845 5565 962 5626; x_wconf 85' lang='lat' dir='ltr'>possodet</span> <span class='ocrx_word' id='word_1_265' title='bbox 1067 5562 1098 5612; x_wconf 80' lang='lat'>12</span> <span class='ocrx_word' id='word_1_266' title='bbox 1116 5577 1174 5624; x_wconf 77' lang='lat' dir='ltr'>agor</span> 
     </span>
     <span class='ocr_line' id='line_1_41' title="bbox 509 5643 2065 5717; baseline -0.005 -18"><span class='ocrx_word' id='word_1_267' title='bbox 509 5652 584 5700; x_wconf 84' lang='lat' dir='ltr'>XXII</span> <span class='ocrx_word' id='word_1_268' title='bbox 689 5649 820 5713; x_wconf 65' lang='lat'>21166&#39;</span> <span class='ocrx_word' id='word_1_269' title='bbox 936 5650 1066 5714; x_wconf 83' lang='lat' dir='ltr'>tuequeo</span> <span class='ocrx_word' id='word_1_270' title='bbox 1087 5645 1242 5717; x_wconf 77' lang='lat' dir='ltr'>Guerardas]</span> <span class='ocrx_word' id='word_1_271' title='bbox 1260 5662 1357 5711; x_wconf 79' lang='lat' dir='ltr'>nequae</span> <span class='ocrx_word' id='word_1_272' title='bbox 1470 5649 1595 5697; x_wconf 61' lang='lat' dir='ltr'>:lebaeus</span> <span class='ocrx_word' id='word_1_273' title='bbox 1613 5645 1671 5695; x_wconf 82' lang='lat' dir='ltr'>add.</span> <span class='ocrx_word' id='word_1_274' title='bbox 1689 5645 1832 5695; x_wconf 61' lang='lat' dir='ltr'>Guaordos</span> <span class='ocrx_word' id='word_1_275' title='bbox 1944 5643 2065 5694; x_wconf 72' lang='lat' dir='ltr'>diubers</span> 
     </span>
    </p>
   </div>
   <div class='ocr_carea' id='block_1_10' title="bbox 440 5737 592 5788">
    <p class='ocr_par' dir='ltr' id='par_1_24' title="bbox 440 5737 592 5788">
     <span class='ocr_line' id='line_1_42' title="bbox 440 5737 592 5788; baseline 0.013 -2"><span class='ocrx_word' id='word_1_276' title='bbox 440 5737 454 5786; x_wconf 77' lang='lat' dir='ltr'>i</span> <span class='ocrx_word' id='word_1_277' title='bbox 474 5742 592 5788; x_wconf 79' lang='lat' dir='ltr'>terrorem</span> 
     </span>
    </p>
   </div>
   <div class='ocr_carea' id='block_1_11' title="bbox 0 0 2192 6184">
    <p class='ocr_par' dir='ltr' id='par_1_25' title="bbox 0 0 2192 6184">
     <span class='ocr_line' id='line_1_43' title="bbox 0 0 2192 6184; baseline 0 0"><span class='ocrx_word' id='word_1_278' title='bbox 0 0 2192 6184; x_wconf 95' lang='lat' dir='ltr'> </span> 
     </span>
    </p>
   </div>
  </div>
 </body>
</html>
