4374 6186
999 413 1220 470 FORTVNATI
1238 412 1440 468 CARMINVM

1177 795 1255 860 XIV

1109 936 1201 1009 Item
1228 932 1325 1008 aliud

738 1121 840 1199 Quam
863 1123 953 1206 prino
974 1121 1145 1187 inscribam
1168 1122 1265 1186 lixam
1287 1122 1408 1206 pietate
1431 1127 1611 1206 parentem,

824 1245 886 1307 quo
908 1225 1055 1309 geminae
1078 1232 1210 1309 matres,
1237 1231 1326 1290 extat
1348 1231 1379 1290 et
1402 1245 1466 1288 una
1493 1227 1627 1305 lsororll

738 1327 821 1393 hanc
843 1328 1010 1413 praeponit
1031 1328 1147 1409 honor,
1174 1349 1257 1410 qnae
1279 1328 1384 1393 iunior
1406 1333 1495 1392 extat
1515 1325 1549 1391 in
1571 1325 1682 1403 annis;

824 1431 874 1496 his
897 1439 987 1497 aetas
1010 1431 1138 1515 gravior
1159 1430 1228 1496 inre
1251 1431 1352 1497 senile
1376 1431 1473 1495 favet.

673 1559 686 1596 ε,
740 1535 798 1599 sed
821 1534 898 1599 milri
922 1533 1016 1600 dulce
1039 1535 1140 1600 tribus
1163 1534 1284 1619 pariter
1305 1533 1458 1599 mandare
1481 1533 1636 1613 salutem,

826 1645 876 1704 cat
898 1638 1047 1722 qnoniam
1070 1638 1160 1704 vobis
1183 1658 1277 1704 carue
1301 1644 1333 1703 et
1355 1657 1438 1702 unus
1461 1657 1560 1702 amor.

739 1741 817 1807 felix
839 1761 922 1824 qnae
944 1742 1059 1808 retinet
1079 1741 1201 1827 pariter
1221 1741 1283 1806 tria
1304 1741 1426 1806 lumina
1448 1759 1560 1806 manea

826 1852 858 1911 et
879 1845 1032 1931 paschale
1055 1845 1172 1911 bonum
1195 1843 1408 1929 multiplicare
1431 1844 1522 1910 facit!

740 1948 887 2033 angelico
910 1957 1001 2016 coetu
1024 1949 1071 2016 sie
1092 1948 1303 2035 participante
1326 1948 1472 2013 fruantur

826 2050 962 2118 deliciae
984 2052 1074 2119 vobio
1095 2054 1129 2118 in
1151 2050 1282 2136 regione
1304 2051 1368 2117 dei.

1185 2449 1246 2512 XV

1111 2588 1202 2660 Item
1229 2587 1326 2661 aliud

740 2774 841 2839 Nocte
865 2774 1031 2840 salutifera
1053 2780 1206 2839 maneant
1227 2779 1392 2856 materque
1415 2794 1583 2855 sororque:

825 2877 885 2943 hoc
908 2877 975 2943 nati
997 2883 1030 2944 ct
1051 2877 1158 2943 fratris
1180 2896 1332 2962 prospera
1354 2883 1428 2942 vota
1450 2876 1570 2955 ferant;

741 2980 905 3064 angelicus
928 2987 1035 3046 coetus
1057 2980 1245 3065 praecordia
1268 2987 1375 3047 vestra
1396 2981 1516 3046 revisat

827 3090 860 3149 et
880 3090 973 3167 regat
993 3084 1143 3167 alloquiis
1164 3090 1295 3170 pectora
1317 3104 1391 3149 cara
1414 3082 1490 3148 suia.

740 3196 886 3272 tempora
906 3187 1009 3253 noctis
1030 3195 1147 3271 agunt,
1175 3195 1210 3254 ut
1230 3187 1293 3254 hac
1313 3188 1468 3253 breritate
1491 3187 1644 3252 salutem:

828 3307 885 3356 sex
908 3289 1001 3356 modo
1024 3291 1190 3357 versiculis
1213 3292 1265 3357 vel
1289 3291 1351 3357 dno
1374 3291 1471 3374 ferte,
1498 3310 1620 3376 precor.

1178 3688 1256 3752 XVI

1110 3826 1203 3900 ltcm
1229 3827 1326 3901 aliud

741 4014 895 4092 Quamvis
917 4012 1003 4096 quod
1025 4032 1173 4097 cuperem
1196 4013 1279 4097 fugit
1300 4034 1352 4078 nro
1375 4034 1509 4098 vespere
1532 4013 1634 4096 facto,

827 4124 858 4182 te
882 4116 960 4181 mihi
982 4136 1044 4181 non
1067 4122 1165 4181 totam
1187 4135 1250 4181 nox
1273 4117 1346 4181 tulit
1367 4116 1430 4182 ista
1451 4123 1573 4182 tamon:

741 4221 801 4286 etai
824 4241 887 4285 non
910 4219 1029 4303 coalia,
1055 4219 1162 4285 animo
1184 4226 1355 4285 cernuntur
1376 4227 1537 4300 amantem

826 4343 900 4387 nam
923 4343 986 4405 quo
1008 4322 1110 4388 forma
1131 4323 1253 4405 nequit,
1281 4343 1372 4388 mena
1394 4323 1440 4389 ibi
1462 4331 1570 4390 noatra
1593 4324 1663 4388 fuit.

676 4473 680 4485 .
742 4446 838 4509 quam
861 4427 951 4492 locus
973 4425 1029 4492 ille
1052 4425 1124 4511 pius
1147 4425 1202 4509 qui
1224 4447 1398 4510 numquam
1420 4426 1582 4511 abrumpit
1602 4433 1764 4510 amantes,

828 4550 889 4613 quo
913 4528 1042 4615 capiunt
1064 4529 1165 4594 oculis
1187 4548 1267 4612 quoe
1290 4549 1349 4595 sua
1371 4536 1445 4594 vota
1466 4536 1581 4615 petunt

741 4631 776 4696 in
798 4632 904 4697 merlio
925 4632 1029 4718 posito
1051 4630 1203 4697 bonitatis
1225 4632 1368 4717 principe
1391 4633 1535 4716 Christo,

829 4735 919 4800 cuiue
941 4755 1049 4801 amore
1072 4755 1162 4801 sacro
1184 4737 1281 4802 corda
1302 4736 1404 4820 ligata
1425 4739 1571 4802 manent!

742 4839 795 4903 hic
817 4858 941 4922 quoque
964 4837 1023 4904 sed
1045 4840 1154 4923 plures
1176 4840 1318 4904 carmina
1339 4840 1428 4904 iussa
1449 4861 1507 4924 per
1528 4860 1644 4905 annos:

661 4964 688 5003 ro
828 4940 903 5007 hinc
926 4942 1033 5026 rapiar
1054 4948 1177 5025 tecum,
1204 4963 1267 5025 quo
1289 4943 1348 5009 tibi
1371 4942 1470 5027 digna
1493 4945 1614 5027 loquar.

476 5292 539 5341 XIV
618 5289 643 5338 Σ
660 5290 681 5351 s.
702 5286 749 5339 55'
852 5288 867 5338 2
887 5301 954 5337 soror
970 5287 1028 5336 add.
1047 5289 1188 5338 Gcercrdaa
1291 5305 1366 5351 quom
1381 5295 1478 5351 praeter
1496 5291 1673 5352 Radepaorlem
1689 5296 1792 5339 matrem
1809 5293 1913 5354 appellet
1930 5307 1981 5341 aaa
1999 5294 2030 5339 li·

409 5384 464 5442 qao
567 5377 666 5427 licuit
769 5374 921 5424 9frnantur
936 5378 1032 5437 poetice
1137 5375 1169 5425 10
1187 5376 1272 5439 dilleip

476 5464 526 5513 XV
595 5463 621 5512 Σ
637 5461 660 5524 f.
681 5459 729 5510 55'
832 5461 976 5511 iralulera
1046 5462 1106 5522 sort.
1127 5463 1230 5512 ualeant
1335 5462 1453 5513 llrctria
1472 5461 1624 5530 Gnercrdac]
1643 5466 1733 5513 tratres
1837 5465 1995 5526 tangentes

407 5553 497 5601 reuisit
600 5550 662 5598 let
680 5549 774 5608 relegat
792 5549 900 5611 alloquia
918 5550 1025 5612 pectoris
1043 5563 1098 5598 cera
1116 5564 1162 5597 rna
1265 5551 1378 5610 5agunt
1396 5553 1413 5599 ι’.
1434 5565 1455 5599 e.
1476 5557 1567 5611 cogunt
1671 5552 1805 5600 tilertar'.
1827 5553 1960 5600 anteferte

477 5638 538 5686 XVl
610 5635 635 5683 Σ
652 5637 672 5697 s.
694 5633 742 5684 ὁδ’
853 5634 965 5696 lingeit
1074 5635 1178 5684 2tnllit
1282 5636 1410 5698 lneqnid
1516 5638 1623 5699 5quam
1641 5639 1686 5698 illc
1705 5639 1774 5686 locus
1792 5641 1849 5700 pius
1954 5653 2029 5685 num-

409 5738 482 5794 quam
506 5719 659 5795 Garrordac]
678 5722 801 5790 numquid
906 5722 922 5776 9
941 5723 1051 5774 carmina
1069 5718 1148 5794 lurra]
1166 5722 1320 5773 scribendam
1337 5723 1436 5774 videtur
1453 5726 1550 5774 canrlna
1567 5725 1633 5774 iusta
