4374 6186
341 407 483 472 XXVIII
1040 405 1269 462 PROOEMIVM.

425 630 579 697 Codicum
602 630 664 696 duo
687 649 808 713 genera
829 629 1079 714 distinguuntur,
1104 651 1240 715 quorum
1263 630 1358 696 alteri
1381 630 1478 697 libros
1501 631 1641 714 MNQB,
1667 631 1761 697 alteri
1783 632 1838 696 PR
1859 632 1969 698 tribui.

340 752 371 816 N
394 772 434 817 ex
456 752 528 838 ipso
550 751 582 816 M
607 751 689 818 forte
712 751 907 836 exscriptum
930 770 1014 834 esse,
1039 751 1106 817 iam
1129 771 1227 838 supra
1250 751 1334 831 dixi;
1361 751 1437 818 item
1460 752 1490 830 Q
1511 757 1544 817 et
1565 752 1592 816 B
1615 773 1689 818 cum
1711 753 1742 817 M
1766 754 1968 833 conveniunt,

339 879 374 938 ut
396 872 482 939 infra
503 894 536 958 p.
556 876 607 954 76,
628 885 641 933 t
666 876 774 937 incesti
794 892 916 936 concers
938 872 980 954 M,
1008 877 1123 957 inqcsta
1147 893 1285 936 evonrens
1308 872 1337 951 Q
1358 893 1416 958 pro
1439 877 1554 957 enpanti
1574 893 1705 953 vomens,
1741 896 1773 958 p.
1793 878 1843 955 70,
1865 886 1881 934 4
1904 896 1972 938 ser-

338 1004 413 1058 oata
435 994 496 1058 ΜΒ
518 1014 575 1078 pro
598 1004 718 1074 serata,
755 1015 786 1078 p.
806 994 858 1074 69,
880 1004 911 1054 to
934 994 1047 1056 ditonte
1070 1014 1177 1076 sopore
1198 994 1247 1073 M,
1282 996 1397 1058 ditante
1420 1015 1556 1078 soporem
1579 993 1623 1076 Q,
1658 996 1788 1058 ditantes
1812 996 1971 1077 soporeB

338 1134 395 1200 pro
418 1117 549 1179 ditantes
572 1136 672 1198 opere.
712 1113 825 1197 Neque
848 1112 968 1192 veroQ
989 1114 1136 1197 nequeB
1156 1135 1196 1181 cx
1212 1115 1243 1179 M
1266 1113 1369 1197 fluxit,
1396 1114 1514 1200 quippe
1536 1113 1591 1200 qui
1613 1114 1698 1180 infra
1720 1135 1753 1199 p.
1773 1118 1823 1197 72,
1845 1129 1860 1177 o
1884 1116 1971 1180 solus

337 1228 416 1300 h'iet.
456 1234 608 1301 Codioem
631 1236 657 1299 B
680 1234 820 1319 pessime
842 1232 1053 1318 depravatum
1077 1240 1174 1316 atque
1196 1235 1434 1320 interpolatum,
1460 1255 1532 1301 cum
1554 1235 1658 1301 bonae
1681 1235 1785 1319 frugis
1806 1236 1887 1300 nibil
1911 1236 1970 1300 ha-

338 1355 427 1437 beat,
460 1375 524 1421 nou
547 1355 674 1439 curavi,
707 1354 1004 1439 nisiquodlocum
1027 1354 1138 1438 quiin
1160 1355 1193 1419 M
1216 1354 1418 1421 desideratur
1440 1375 1511 1421 cnm
1535 1375 1573 1422 eo
1596 1356 1729 1422 contuli.
1775 1358 1863 1422 Inter
1885 1357 1916 1420 M
1939 1363 1971 1422 et

337 1475 366 1554 Q
395 1476 450 1540 viu
479 1475 724 1562 disceptandum
755 1482 840 1558 erat,
873 1495 944 1542 cum
967 1476 999 1539 M
1022 1483 1054 1541 et
1075 1475 1265 1558 antiquitate
1288 1483 1431 1561 praestet
1453 1482 1485 1542 et
1506 1478 1606 1542 multo
1629 1477 1810 1544 accuratius
1833 1477 1970 1562 scriptus

337 1595 389 1660 sit.
436 1594 499 1673 Qui
527 1603 650 1663 restant
678 1596 753 1662 libri
775 1597 830 1660 PR
859 1603 981 1663 textum
1010 1597 1177 1679 vulgatum
1206 1596 1386 1680 continent,
1422 1596 1545 1664 scilicet
1572 1597 1657 1663 male
1687 1598 1872 1683 expolitum.
1921 1598 1969 1664 lbi

336 1716 483 1783 Medardi
505 1724 596 1803 pater·
617 1716 816 1799 Nectardus,
844 1724 947 1784 mater
968 1716 1120 1801 Protagia
1142 1718 1342 1803 appellatur,
1369 1717 1448 1802 quin
1470 1717 1567 1783 immo
1589 1716 1663 1784 finis
1686 1718 1789 1784 libelli
1812 1725 1896 1785 totus
1918 1717 1969 1785 di-

336 1856 450 1903 versus
472 1845 533 1904 est.
581 1839 693 1922 Neque
720 1859 796 1904 vero
826 1838 861 1904 id
893 1836 1037 1904 codicum
1066 1857 1170 1921 genus
1192 1838 1288 1924 plane
1311 1837 1549 1922 neglegendum
1574 1846 1660 1920 erat,
1693 1859 1764 1904 cum
1788 1839 1867 1905 locis
1889 1860 1969 1904 non-

336 1957 436 2023 nullis
460 1958 548 2036 MQB
571 1958 742 2025 manifesto
765 1959 904 2044 corrupti
927 1964 1047 2025 essent.
1087 1960 1137 2023 Ex
1159 1960 1188 2023 R
1209 1979 1372 2044 perpauca
1393 1965 1517 2025 tantum
1541 1958 1707 2044 exscripsi,
1734 1979 1804 2025 oum
1828 1960 1968 2026 schedae

335 2078 545 2158 Parisienses,
573 2086 740 2164 postquam
764 2078 917 2165 plagulae
940 2078 1028 2164 typis
1050 2077 1114 2144 iam
1138 2099 1312 2164 expressae
1336 2087 1426 2162 sunt,
1453 2079 1533 2145 mihi
1555 2081 1754 2147 offerrentur.
1801 2080 1913 2164 ltaque
1935 2081 1968 2146 in

335 2198 419 2265 notis
441 2200 544 2267 textui
568 2199 723 2266 subiectis
745 2206 818 2285 post
840 2198 980 2265 litteram
1003 2200 1029 2262 P
1051 2218 1180 2284 semper
1201 2201 1229 2264 R
1250 2199 1366 2266 addas.
1406 2201 1575 2266 Rationem
1599 2206 1706 2266 antem
1730 2200 1888 2267 scribendi
1912 2222 1967 2266 ve-

335 2319 502 2386 tustissimi
533 2321 652 2386 codicis
676 2321 707 2384 M
738 2327 867 2386 secutus
898 2340 984 2401 sum,
1021 2320 1140 2405 quippe
1170 2341 1253 2403 quae
1276 2322 1318 2386 ab
1341 2341 1401 2386 usu
1426 2321 1548 2387 saeculi
1570 2322 1632 2387 VII
1652 2321 1699 2386 in.
1724 2321 1811 2386 baud
1834 2322 1966 2387 multum

335 2440 441 2507 distet.

908 2699 951 2783 X.
987 2698 1099 2783 vlm
1127 2700 1163 2783 S.
1191 2698 1387 2783 Lucumo

419 2890 526 2956 Vitam
550 2890 681 2956 Leobini
705 2889 912 2957 Camotensis
934 2890 1078 2975 episcopi
1100 2897 1135 2956 ut
1157 2891 1334 2956 Fortunato
1356 2890 1519 2972 tribueret,
1546 2910 1587 2956 aa
1608 2890 1687 2973 sola,
1714 2891 1836 2975 opinor,
1868 2911 1965 2956 causa

333 3011 484 3078 Valesius
507 3018 681 3077 commotus
704 3018 764 3094 est,
790 3010 875 3094 quod
897 3030 1001 3075 sermo
1016 3010 1238 3077 Fortunatiani
1265 3013 1343 3077 ‘non
1363 3013 1459 3097 plane
1475 3009 1632 3077 absimilis
1648 3010 1799 3092 videtur’3
1826 3011 1964 3077 inlibris

333 3137 441 3196 autem
463 3152 561 3196 manu
584 3131 710 3217 scriptis
728 3137 840 3198 auctor
854 3131 964 3197 nullus
980 3131 1141 3197 laudatur.
1180 3130 1373 3213 Itaqueiam
1390 3132 1561 3217 scriptores
1577 3131 1729 3198 historiae
1744 3131 1805 3197 litt.
1823 3133 1964 3199 Franco-

332 3251 470 3335 gallicae
490 3252 549 3335 Ill,
575 3255 636 3317 357
660 3252 781 3318 reiecta
804 3252 923 3318 Valesii
953 3251 1135 3318 coniectura
1164 3272 1229 3317 non
1258 3251 1338 3317 satis
1365 3250 1500 3318 fundata
1522 3252 1613 3318 Vitae
1636 3253 1820 3338 scriptorem
1843 3255 1964 3320 Carno-

332 3373 415 3440 tensi
442 3373 600 3440 ecclesiae
622 3372 817 3458 adscriptum
841 3372 941 3439 fuisse
964 3372 1173 3457 probabiliter
1195 3372 1408 3439 coniecerunt.
1456 3372 1536 3438 (lum
1559 3372 1669 3460 capita
1689 3374 1843 3440 nonnulla
1871 3374 1963 3456 (inira

332 3515 364 3579 p.
390 3497 529 3578 75-77)
564 3514 636 3560 cum
660 3493 734 3561 Vita
755 3493 843 3559 Aviti
866 3493 1068 3559 Miciacensis
1096 3492 1223 3559 abbatis
1253 3494 1461 3575 conveniant,
1495 3493 1699 3560 Bollandiani
1729 3502 1894 3579 utramque
1922 3497 1963 3561 ab

332 3613 444 3680 eodem
476 3615 627 3702 scriptum
657 3634 729 3681 esse
759 3620 948 3680 statuemnt.
996 3612 1154 3698 Equidem
1184 3614 1292 3679 nullus
1321 3614 1451 3695 dubito,
1482 3613 1561 3698 quin
1591 3614 1726 3699 scriptor
1747 3616 1840 3681 Vitae
1863 3616 1959 3698 Aviti,

332 3755 426 3819 quem
458 3735 557 3803 ferme
586 3756 739 3802 coaevum
769 3735 870 3801 fulsse
894 3712 1097 3801 Bollandiani
1128 3733 1213 3800 male
1237 3734 1456 3815 crediderunt,
1492 3753 1532 3800 ex
1554 3735 1629 3800 Vita
1652 3735 1782 3800 Leobini
1806 3736 1957 3816 hauserit,

332 3863 368 3922 ut
391 3856 536 3941 Gregorii
559 3877 686 3941 quoque
709 3856 791 3923 libro
813 3855 846 3921 in
870 3855 981 3922 Gloria
1004 3854 1096 3922 Cous.
1122 3875 1150 3920 c.
1177 3856 1216 3920 97
1241 3873 1319 3920 usus
1341 3862 1400 3922 est.

331 3977 357 4042 P
487 3978 597 4044 Codex
618 3976 810 4045 Parisiensis
831 3978 965 4043 Latinus
988 3997 1037 4041 nr.
1064 3978 1166 4058 5280,
1201 3975 1254 4041 fol.
1285 3981 1469 4058 145-151,
1502 3995 1587 4042 saec.
1611 3977 1676 4041 XII
1698 3976 1805 4043 Vitam
1828 3977 1962 4042 Leobini

539 4083 698 4166 integram
720 4081 872 4161 continet,
899 4102 994 4165 quam
1018 4080 1091 4146 Vita
1113 4081 1219 4147 Focae
1242 4080 1407 4163 sequitur.¹
1421 4118 1463 4126 —
1485 4079 1634 4146 Molinier
1656 4080 1799 4146 contulit.

332 4185 361 4262 Q
486 4186 596 4253 Codex
610 4185 804 4253 ParisiensIs
820 4186 953 4251 Latinus
976 4206 1024 4250 nr.
1047 4186 1161 4267 75437,
1188 4179 1455 4266 folles-180¹,
1481 4203 1566 4250 saco.
1586 4184 1643 4266 Xl,
1670 4191 1792 4251 textum
1815 4186 1960 4250 nurtilum

407 4355 408 4359 ,
536 4290 694 4372 continet,
736 4310 806 4355 cum
838 4309 911 4373 cap.
941 4294 989 4355 10.
1018 4293 1068 4354 11.
1098 4293 1148 4354 77.
1178 4291 1227 4352 18.
1255 4291 1382 4351 20-23
1414 4287 1646 4354 desiderentur.
1680 4325 1721 4334 -
1751 4288 1790 4352 Α.
1817 4286 1961 4368 Schoeue

538 4392 681 4459 contulit.
1820 4453 1823 4457 .

418 4514 590 4580 Praeterea
613 4513 740 4579 codices
764 4514 979 4580 Camotenses
1002 4533 1050 4576 nr.
1073 4517 1133 4578 756
1149 4519 1181 4580 et
1199 4516 1278 4595 193,
1297 4532 1383 4579 saec.
1401 4512 1450 4576 XI
1471 4511 1505 4576 in
1527 4511 1645 4578 Archiv
1668 4512 1756 4594 VIII,
1779 4533 1812 4598 p.
1832 4514 1893 4576 388
1910 4532 1957 4596 sq.

332 4643 364 4701 et
387 4635 577 4700 Parisiensis
600 4633 815 4700 bibliothecae
837 4634 973 4699 Arsenal
997 4654 1044 4698 nr.
1071 4637 1112 4697 43
1135 4634 1169 4700 in
1190 4634 1310 4700 Archiv
1333 4634 1419 4715 VIII,
1446 4655 1480 4718 p.
1506 4634 1568 4698 358
1592 4639 1886 4699 commemorantur.

486 4757 652 4834 Dncbesne,
679 4759 835 4820 Historiae
860 4759 1048 4818 Francorum
1071 4757 1236 4837 scriptores
1259 4757 1424 4835 coaetanei,
1460 4757 1588 4817 Parisiis
1613 4757 1705 4835 7666,
1737 4751 1762 4836 Ι,
1789 4756 1850 4817 537
1876 4754 1962 4818 locos

537 4858 692 4943 quosdam
720 4862 776 4925 ‘ex
791 4858 865 4925 Vita
880 4858 941 4924 Ms.
960 4857 1063 4924 sancti
1079 4847 1217 4925 Leobini'
1228 4856 1371 4943 episcopi
1387 4855 1605 4923 Oamotensis‘
1629 4855 1740 4933 edidit.
1780 4855 1898 4921 CodIce
1912 4857 1963 4921 in-

537 4969 627 5047 tegro
649 4970 685 5028 ut
706 4964 732 5027 P
754 4981 832 5029 usus
855 4970 914 5029 est.
1604 4973 1606 4978 ·

489 5068 602 5150 labbe,
633 5070 719 5131 Nora
741 5067 915 5130 bibliotheca
936 5069 1233 5148 monrescrIptomnn,
1270 5068 1399 5129 Parisiis
1423 5069 1517 5144 7667,
1552 5064 1592 5144 II,
1621 5066 1683 5127 582
1712 5062 1832 5149 pm'mus
1856 5063 1961 5129 Vitam

535 5170 692 5254 integram
715 5170 837 5256 publIoi
859 5170 937 5235 iuris
961 5170 1047 5236 iecit.

486 5277 665 5356 Bollandas,
693 5273 769 5339 dcto
791 5282 978 5357 sanctoruni,
1010 5272 1195 5355 Arctoapice
1219 5276 1312 5355 7668,
1345 5271 1438 5337 Mart.
1464 5272 1506 5352 II,
1534 5272 1607 5353 350,
1644 5273 1700 5336 ‘ex
1723 5269 1858 5335 vetustis
1882 5291 1958 5336 mss.

538 5384 661 5445 erutam
685 5377 726 5443 ab
749 5377 881 5444 Andron
903 5378 947 5444 du
969 5377 1122 5461 Obesne',
1154 5376 1211 5459 qui
1238 5376 1287 5441 illi
1317 5374 1455 5442 schedas
1485 5394 1561 5441 suas
1584 5374 1820 5456 manumiserunt,
1854 5374 1961 5442 Vitam

539 5481 649 5548 edidit.

488 5587 650 5666 Mabdlon,
685 5585 760 5650 delo
784 5596 959 5650 sanctoruni
981 5588 1099 5649 ordinis
1123 5590 1156 5650 S.
1182 5586 1346 5665 Benedicti,
1382 5587 1511 5647 Parisiis
1535 5587 1627 5661 7668,
1661 5582 1754 5647 Sacc.
1780 5581 1805 5663 I,
1836 5584 1895 5645 123
1918 5581 1960 5647 ad

537 5689 664 5756 codices
687 5689 955 5757 Vindocinensem
978 5697 1010 5754 ot
1032 5689 1252 5756 conchensem
1276 5694 1396 5754 textum
1420 5686 1592 5754 recensuit.
