4374 6186
862 407 956 465 VITA
974 409 1092 465 BEATI
1110 407 1298 464 ldAVRlLll.
1838 408 1893 467 lili

266 600 393 684 qualem
428 600 469 666 de
502 599 585 665 sacri
619 597 717 663 sontis
751 597 943 682 baptismate
978 606 1159 683 sumpserat
1190 598 1289 663 talem
1323 595 1396 661 idus
1425 594 1622 680 Septembris
1656 613 1761 660 coram
1791 593 1900 659 multis

266 702 447 768 astantibus
469 701 598 787 populis
621 709 653 767 et
675 700 882 786 psallentium
905 701 1010 767 choris
1033 701 1241 785 omnipotenti
1264 699 1392 766 domino
1414 698 1556 764 animam
1580 696 1731 763 reddidit.

358 808 439 887 (146)
467 805 551 869 Dum
581 812 687 871 autem
718 809 863 868 sanctum
895 802 965 869 eius
994 804 1217 888 corpusculum
1248 803 1301 869 die
1331 803 1435 868 altera
1456 807 1638 887 portaretur
1660 798 1703 865 ad
1725 801 1894 880 tumulum,
1920 799 2034 865 XXIX

266 909 387 992 gemini
410 928 449 973 ex
473 915 562 974 utero
585 907 697 973 matris
720 925 799 971 suae
823 907 911 972 caeci
935 914 969 972 ut
991 907 1094 973 sancti
1117 905 1298 990 corpusculi
1321 905 1460 971 loculum
1485 913 1619 988 tangere
1642 910 1822 988 potuerunt,
1850 905 1901 968 lu-

235 1032 340 1077 smen
370 1011 456 1094 quod
485 1030 647 1093 nunquam
677 1009 857 1074 habuerant
886 1009 927 1074 ad
958 1009 1155 1075 declaranda
1178 1008 1321 1074 defuncti
1345 1007 1498 1074 antistitis
1522 1007 1637 1072 merita
1659 1005 1733 1071 iiico
1756 1006 1900 1090 recipere

266 1120 461 1180 mernerunt.

358 1218 440 1298 (147)
468 1215 608 1293 Quidam
639 1215 736 1280 etiam
765 1235 782 1280 e
813 1215 938 1281 civibus
969 1215 1119 1300 paralisis
1148 1213 1307 1279 distentus
1336 1213 1536 1278 incommodo
1563 1232 1620 1298 per
1642 1211 1773 1295 triginta
1796 1233 1897 1278 annos
1920 1213 2015 1279 XXX

267 1320 437 1385 tenebatur
465 1318 499 1383 in
528 1317 661 1398 lectulo,
696 1317 751 1401 qni
780 1337 852 1383 cum
883 1318 1091 1402 psallentium
1123 1317 1252 1382 chorum
1283 1316 1466 1382 Maurilium
1497 1314 1711 1380 deferentium
1740 1313 1898 1394 audisset,

268 1441 286 1487 e
315 1421 434 1487 lectulo
460 1420 568 1486 statim
599 1420 736 1486 exiliens
765 1421 859 1504 quasi
888 1440 1001 1486 cervus
1029 1420 1158 1486 nemine
1189 1419 1379 1503 prohibente
1409 1418 1496 1484 beati
1519 1418 1659 1484 Maurilii
1690 1416 1902 1501 pervenitad

221 1550 249 1590 ιο
269 1543 401 1608 corpus,
435 1531 584 1605 tactoque
615 1531 647 1588 et
676 1523 819 1589 osculato
841 1523 928 1589 beati
952 1523 1074 1588 funeris
1097 1523 1214 1588 feretro
1237 1523 1405 1606 pristinam
1430 1521 1601 1587 sanitatem
1625 1520 1689 1586 fide
1712 1520 1827 1604 plenus
1850 1539 1902 1584 re-

269 1627 376 1710 cipere
398 1626 515 1691 meruit
536 1625 710 1710 extemplo.
769 1627 853 1709 (148)
880 1627 918 1690 ln
940 1626 1022 1692 tanti
1044 1626 1143 1709 igitur
1165 1625 1294 1691 honoris
1318 1625 1422 1707 gloria
1444 1625 1608 1708 sepultus,
1642 1622 1754 1706 quanti
1777 1623 1901 1706 qualis·

268 1748 332 1812 que
362 1728 465 1793 meriti
496 1727 584 1812 apud
614 1727 776 1793 dominum
799 1727 913 1807 luerit,
948 1728 1024 1794 dum
1047 1728 1216 1795 cotidianis
1238 1729 1410 1795 virtutibus
1434 1736 1466 1793 et
1488 1727 1652 1793 miraculis
1675 1726 1745 1792 eius
1768 1733 1902 1791 exornat

268 1832 444 1909 tumulum,
478 1830 626 1896 dominns
653 1830 794 1897 ostendit
815 1831 962 1896 omnibus
985 1839 1058 1915 post
1080 1830 1303 1916 sepulchrum,
1338 1837 1522 1915 praestante
1545 1829 1674 1895 domino
1696 1837 1804 1895 nostro
1828 1829 1902 1894 lesu

270 1932 395 1999 Christo
425 1933 480 2016 qui
511 1953 582 1998 cum
613 1954 651 1999 eo
684 1941 716 1999 et
739 1933 852 2018 spiritu
876 1940 987 1999 sancto
1009 1933 1089 2000 vivit
1111 1941 1144 1999 ct
1165 1933 1321 2016 gloriatur
1345 1933 1425 1999 deus
1447 1953 1505 2017 per
1527 1933 1652 1998 infinita
1675 1931 1806 1997 saccula
1829 1950 1902 1997 sae-

221 2063 250 2104 ra
271 2035 425 2102 culorum.
473 2037 586 2101 Amen.

496 2747 688 2845 PASSIO
722 2746 1052 2846 SANOTORVM
1083 2747 1393 2845 MARTYRVM
1426 2748 1674 2890 lililNlSlI,

736 2915 953 3016 avsuol
983 2919 1052 3016 ill
1082 2918 1429 3017 llhllVTHllRlI.

360 3153 399 3232 (i)
428 3149 595 3215 Gloriosae
625 3157 800 3234 martyrum
831 3149 999 3232 passiones
1021 3155 1055 3214 et
1075 3149 1218 3231 pretiosa
1241 3149 1369 3215 domino
1392 3154 1581 3234 expectante
1605 3150 1782 3216 certamina
1804 3170 1899 3233 quam
1922 3154 1938 3217 Ι

269 3253 368 3337 digna
391 3252 455 3318 sint
476 3273 534 3336 pro
556 3253 782 3318 miraculomm
806 3252 965 3335 dignitate
988 3251 1162 3334 conscribi,
1192 3260 1355 3336 nequeunt
1377 3260 1484 3318 tamen
1508 3253 1576 3317 sine
1599 3253 1779 3318 formidinis
1801 3253 1901 3338 trepi-

219 3379 249 3421 ao
270 3356 401 3421 datione
431 3355 606 3439 conplecti,
641 3355 718 3437 quia
747 3374 818 3419 cum
848 3373 1038 3437 magnarum
1062 3373 1167 3419 rerum
1190 3354 1410 3421 consideratur
1439 3354 1631 3441 adsumptio,
1666 3377 1729 3421 non
1752 3356 1900 3421 inmerito

269 3456 467 3542 praesumpti
489 3457 595 3541 operis
618 3457 773 3540 retegitur
795 3455 1001 3540 magnitudo,
1035 3476 1073 3521 eo
1103 3455 1189 3539 quod
1218 3464 1342 3523 tantum
1373 3477 1477 3524 sermo
1507 3459 1613 3524 tenuis
1645 3459 1808 3544 explicare
1837 3478 1902 3524 non

268 3560 357 3624 valet
387 3566 541 3641 quantum
571 3558 612 3624 de
642 3579 677 3625 se
707 3559 771 3625 dici
796 3560 915 3624 veritas
939 3559 1102 3642 passionis
1124 3560 1256 3643 inponit.
1309 3562 1348 3644 (2)
1376 3561 1500 3626 Tamen
1522 3560 1698 3646 propositio
1721 3569 1831 3628 tantae
1854 3561 1901 3628 rei

269 3662 405 3727 arduum
435 3661 555 3726 habere
585 3662 733 3728 videatur
761 3662 902 3742 initium,
940 3663 974 3727 in
1004 3662 1065 3727 hoc
1095 3681 1186 3728 mens
1216 3662 1430 3747 trepidatione
1461 3663 1599 3746 fatigata
1628 3665 1780 3750 respirat,
1816 3663 1901 3747 quod

269 3783 396 3847 semper
418 3762 564 3849 opificem
588 3783 680 3828 suum
704 3764 924 3848 magisterium
948 3764 1077 3831 divinae
1099 3765 1319 3831 instructionis
1341 3765 1494 3831 informat
1516 3773 1548 3832 et
1571 3764 1758 3832 inchoantes
1774 3766 1902 3831 initium

269 4060 428 4120 baptismatis
447 4064 587 4120 sumpserat
603 4058 659 4105 idus
673 4056 828 4120 Septembris
840 4058 938 4107 Christo
956 4060 1075 4118 reddidit,
1094 4061 1245 4108 laetantibus
1265 4061 1358 4108 sanctis
1376 4060 1472 4120 angelis
1490 4067 1516 4108 et
1535 4063 1561 4106 in
1581 4059 1672 4118 gaudia
1690 4074 1796 4122 superus
1815 4064 1896 4112 susci·

268 4145 400 4206 pientibus
418 4158 483 4192 eam.

356 4229 423 4278 3-d
443 4229 613 4291 Mepnebodsss
632 4247 654 4280 e.
675 4233 725 4282 30:
750 4230 812 4279 Cum
830 4232 909 4292 igitur
926 4232 1102 4293 corpusculum
1121 4239 1233 4281 sanctum
1253 4231 1422 4281 deduceretur
1439 4232 1585 4294 sepulturae
1603 4246 1664 4281 suae
1681 4234 1839 4297 medendum,
1858 4248 1901 4285 oe·

268 4321 398 4365 currentes
417 4319 441 4364 ei
459 4317 509 4364 duo
527 4318 621 4377 gemini
641 4319 740 4380 tratres,
761 4319 831 4366 ambo
848 4319 976 4367 oculorum
995 4318 1050 4367 lnce
1069 4319 1156 4380 orbati,
1177 4320 1271 4380 pariter
1289 4324 1351 4367 sunt
1369 4319 1507 4368 illuminati
1528 4327 1553 4367 et
1572 4319 1703 4369 confestim
1721 4325 1819 4370 sancias
1836 4334 1899 4371 exe-

268 4401 341 4464 quias
360 4403 415 4451 siue
434 4403 514 4452 alieno
532 4404 625 4451 ducatu
645 4418 703 4452 cum
721 4403 840 4452 laudibus
857 4406 994 4466 prosecuti.
1672 4404 1674 4408 '

355 4488 439 4538 7-15
459 4487 628 4549 Mapaobedas
645 4504 666 4540 c.
687 4492 737 4538 30:
763 4488 869 4547 Quidam
894 4504 995 4551 quoque
1013 4490 1085 4538 homo
1103 4503 1189 4538 xxrrrr
1207 4493 1280 4540 annis
1299 4493 1432 4541 tenebatur
1449 4493 1477 4540 ln
1494 4493 1589 4542 lectulo
1607 4492 1726 4552 languore
1744 4492 1898 4556 vehementi,

268 4575 312 4636 qul
330 4577 385 4637 ipsa
403 4574 462 4623 hore
480 4575 577 4624 iuueris
596 4576 748 4637 venerandi,
772 4590 828 4624 moa
847 4581 877 4624 ut
895 4589 967 4624 voees
987 4577 1149 4639 psallentium
1167 4577 1280 4639 audivit,
1302 4578 1380 4626 totius
1398 4579 1529 4626 immernor
1546 4578 1684 4627 debilitatis
1702 4579 1808 4627 exsiluit
1826 4580 1900 4640 egilis

268 4668 298 4710 ut
321 4674 409 4710 cervus
432 4667 458 4709 et
481 4675 562 4723 usque
587 4662 618 4709 sd
642 4663 763 4710 teretrum
787 4662 830 4709 ubi
855 4667 957 4710 sanctus
975 4661 1134 4711 deferebatur
1151 4665 1304 4724 perveniens
1322 4664 1450 4726 antiquam
1470 4665 1608 4712 mirabatur
1625 4677 1653 4713 se
1671 4665 1755 4712 subito
1773 4667 1899 4727 recepisse

268 4750 411 4797 sanitatem.
449 4748 501 4795 lam
525 4761 582 4795 vero
605 4760 634 4795 eo
657 4749 758 4810 sepulto
781 4748 948 4796 venerabilem
971 4761 1071 4810 quoque
1094 4750 1250 4810 pausationis
1274 4750 1345 4797 lilius
1363 4751 1489 4798 tumulum
1506 4751 1589 4800 virtus
1606 4750 1693 4799 divina
1709 4752 1806 4812 magnis
1824 4751 1899 4799 mira·

269 4836 379 4882 culorum
406 4835 550 4894 insignibus
568 4832 701 4895 clarificat,
729 4847 786 4881 cnm
804 4835 838 4881 ibi
856 4847 955 4895 quoque
974 4836 1038 4882 dant
1055 4835 1163 4883 virtutes
1182 4835 1298 4883 assiduae
1318 4841 1344 4884 et
1360 4836 1504 4884 tribuentur
1522 4836 1647 4885 divinitus
1665 4849 1711 4898 per
1728 4837 1818 4884 merita
1836 4837 1901 4885 sacri

269 4921 418 4968 confessoris
436 4918 528 4967 Christi
546 4925 572 4967 et
590 4921 731 4967 animarum
751 4925 777 4967 et
795 4931 923 4981 corporum
943 4922 1065 4969 sanitates
1083 4920 1255 4980 multimodae,
1279 4927 1308 4968 ut
1325 4921 1486 4970 benedicatur
1504 4936 1562 4970 cum
1581 4923 1658 4983 gloria
1676 4927 1702 4971 et
1719 4923 1837 4971 laudibus
1855 4936 1899 4971 no·

269 5019 327 5054 men
347 5004 441 5052 domini
460 5006 501 5053 dei
519 5007 570 5052 riri
589 5019 634 5066 per
652 5005 782 5054 dominum
800 5011 912 5054 nostrum
931 5007 1016 5054 lesum
1034 5005 1178 5065 Christum,
1203 5008 1244 5054 cui
1264 5012 1304 5055 est
1321 5008 1398 5067 gloria
1415 5022 1472 5056 cum
1489 5008 1575 5056 eodem
1594 5015 1696 5056 aeterno
1714 5015 1785 5069 patre
1803 5014 1829 5056 et
1848 5011 1900 5070 spi-

269 5093 319 5138 ritu
339 5096 425 5139 sancto
443 5091 469 5138 in
487 5092 570 5139 omnia
589 5091 689 5139 saecula
707 5092 870 5141 saeculorum.
909 5093 999 5140 Amen.

358 5349 389 5398 16
408 5361 498 5395 risseio
515 5375 550 5384 -
571 5348 599 5397 ii
620 5345 793 5415 enarrassem]
814 5351 907 5411 incipit
929 5351 1037 5411 prelatio
1060 5352 1139 5398 sancti
1162 5351 1264 5400 dionisii
1289 5365 1346 5400 cum
1370 5352 1445 5400 sociis
1468 5353 1522 5399 suis
1541 5351 1570 5411 P,
1597 5352 1712 5413 prologus
1735 5354 1762 5399 iu
1782 5353 1898 5413 passione

270 5437 305 5485 sd
324 5437 428 5485 dionisii
449 5436 495 5494 [mr
513 5433 558 5481 ω’.
579 5448 637 5484 oor.
657 5436 718 5485 uri.
739 5434 798 5485 cdd.
815 5433 856 5496 οἳ)
880 5436 910 5496 ο,
937 5436 996 5497 incp
1020 5437 1105 5499 passio
1126 5437 1161 5485 sd
1185 5450 1213 5486 ac
1237 5438 1377 5486 beatissimi
1401 5438 1501 5485 dionisii
1526 5438 1641 5496 martyris
1665 5451 1721 5486 eum
1746 5439 1820 5487 sociis
1844 5439 1899 5488 suls

270 5524 359 5571 rustici
377 5528 404 5570 et
422 5519 555 5568 eleutherii
574 5526 601 5568 et
619 5526 659 5569 est
676 5521 831 5570 sollemnitas
849 5524 961 5584 ipsorum
980 5535 1027 5571 vir.
1049 5505 1075 5570 ld
1093 5507 1150 5572 ooth
1162 5521 1198 5582 M,
1217 5525 1268 5572 ino.
1290 5537 1357 5585 pase.
1377 5521 1441 5571 scffn
1459 5528 1533 5572 mart.
1554 5525 1657 5573 dionisii
1674 5525 1763 5573 rustici
1781 5529 1808 5575 et
1824 5525 1899 5573 eleu-

270 5609 344 5657 therii
364 5608 393 5668 N,
412 5606 681 5669 peccassemus
796 5607 827 5656 18
845 5608 1017 5670 gloriosae-
1035 5604 1182 5674 certamina]
1200 5608 1286 5667 omo
1404 5608 1433 5657 21
1455 5611 1652 5673 presumptioP
1766 5606 1898 5676 retegitur]

269 5697 364 5757 scripsi,
385 5691 543 5755 regiturPO
649 5690 756 5760 tantum]
775 5693 860 5753 emo
965 5693 997 5743 22
1016 5695 1074 5743 duci
1093 5694 1128 5742 1³¹

2036 1362 2056 1396 Χ
