4374 6186
250 386 292 445 90
556 379 752 436 OPVSCVLA
771 378 967 436 VENANTIO
987 380 1216 438 FORTVNATO
1234 381 1337 437 MALE
1356 382 1578 438 ATTRIBVTA

250 570 431 650 confitetur,
464 568 582 634 deinde
613 576 759 653 arreptus
789 591 809 634 a
838 569 1007 635 daemonio
1038 571 1151 653 ingere
1180 571 1306 649 nititur,
1339 591 1379 636 ne
1410 580 1547 637 curetur.
1594 572 1660 639 Sed
1691 572 1746 638 vir
1776 573 1909 638 beatus

249 673 403 740 furiosum
440 692 498 756 per
526 672 697 737 exorcismi
726 671 868 755 graciam
898 672 987 757 prius
1017 694 1037 738 a
1067 673 1223 739 daemone
1252 674 1403 739 liberavit
1431 682 1464 739 et
1491 675 1694 759 postmodum
1725 677 1776 741 ab
1810 676 1909 741 omni

249 776 380 842 crimine
411 783 539 862 recepto
566 776 657 842 asino
685 776 856 840 miseratus
886 776 1035 841 absolvit.
1088 778 1150 859 (50(
1178 776 1395 842 Veruntamen
1424 797 1481 861 pro
1510 785 1665 844 nocturna
1687 799 1795 862 quam
1822 799 1909 863 per-

249 898 365 964 pessus
387 880 492 945 iuerat
514 879 595 945 latro
617 878 745 958 iniuria,
771 898 853 943 neve
877 886 951 943 voto
974 878 1070 962 priori
1093 879 1272 963 privaretur
1295 900 1335 945 11
1358 886 1422 945 toto
1445 879 1499 962 qui
1521 881 1717 947 necessitate
1733 889 1909 966 coeperat

248 983 393 1048 involare
415 1002 478 1048 non
502 981 588 1061 vitio,
616 988 682 1046 tres
704 980 753 1045 illi
775 980 926 1045 sacerdos
949 1000 1064 1046 aureos
1087 980 1176 1046 dedit
1199 981 1307 1064 sicque
1332 982 1466 1047 liberum
1490 983 1578 1048 abire
1600 983 1764 1068 permisit.
1928 1008 1943 1046 1

161 1087 225 1153 XII
339 1088 398 1166 (51)
426 1085 573 1150 Matrona
605 1083 764 1167 quaedam
796 1084 929 1164 nobilis,
967 1083 1137 1168 praedives
1168 1085 1298 1169 opibus,
1335 1086 1496 1150 senatorio
1526 1106 1565 1151 ex
1594 1105 1716 1168 genere
1749 1087 1907 1153 oriunda

247 1188 374 1253 Amelia
403 1188 530 1253 nomine
559 1186 651 1270 gravi
681 1194 831 1271 coeperat
858 1186 1058 1252 incommodo
1088 1189 1210 1270 urgeri.
1267 1187 1361 1264 Quod
1391 1208 1462 1253 eum
1493 1208 1551 1274 per
1578 1189 1752 1255 duodecim
1785 1212 1904 1258 annos

247 1290 433 1377 pertulisset
455 1310 630 1373 omnesque
653 1289 720 1355 iere
743 1310 794 1355 res
818 1310 893 1356 suas
915 1289 949 1354 in
971 1290 1168 1356 medicorum
1192 1291 1346 1375 expensis
1368 1292 1576 1375 impenderet,
1607 1294 1733 1359 nullum
1760 1294 1903 1360 incolu-

246 1394 366 1459 mitatis
389 1393 565 1460 remedium
589 1385 719 1474 assequi
742 1395 934 1474 merebatur,
962 1393 1020 1458 sed
1043 1401 1162 1476 quanto
1187 1393 1343 1458 curiosius
1361 1401 1459 1459 totum
1475 1396 1554 1460 artis
1569 1414 1647 1461 suae
1662 1396 1845 1478 ingenium
1863 1398 1903 1463 in

245 1498 336 1562 illam
358 1496 545 1581 impendere
568 1496 775 1577 studuissent,
802 1503 890 1561 tanto
913 1516 1040 1580 semper
1063 1496 1206 1562 deterius
1228 1496 1426 1562 incommodo
1449 1499 1654 1580 gravabatur.
1708 1501 1775 1581 (52)
1805 1500 1900 1566 Cum
1924 1520 1956 1562 11

246 1599 311 1664 iam
341 1598 382 1664 de
412 1599 483 1664 eius
513 1599 651 1664 sanitate
683 1598 893 1682 desperantes
922 1606 1073 1683 parentes
1103 1599 1205 1683 ipsius
1232 1600 1273 1664 de
1297 1600 1374 1665 solis
1398 1602 1581 1685 sepulturae
1604 1603 1803 1668 necessariis
1828 1603 1898 1668 ad-

246 1703 420 1769 monebant
447 1702 605 1767 dicentes:
638 1702 710 1765 Non
741 1701 825 1766 enim
856 1701 1008 1785 proficere
1038 1710 1145 1786 potest
1173 1702 1334 1786 periturae
1357 1704 1424 1769 ulla
1447 1704 1497 1768 vis
1519 1703 1743 1769 medicaminis
1767 1706 1895 1789 nostri,

246 1813 314 1871 tum
344 1805 402 1870 illa
432 1805 535 1888 inquit
564 1804 695 1869 amicis:
727 1805 791 1883 lte,
824 1803 882 1884 ite,
916 1805 1032 1869 currite
1062 1805 1246 1886 quantotius
1268 1805 1310 1870 ad
1333 1807 1460 1872 beatum
1484 1807 1587 1870 vimm
1610 1807 1819 1889 Mamilium,
1861 1818 1900 1877 et

246 1910 274 1974 si
304 1908 449 1974 obtinere
480 1907 662 1992 potueritis,
697 1913 731 1971 ut
761 1908 802 1970 ab
833 1905 889 1971 illo
920 1927 1046 1972 merear
1075 1907 1217 1988 visitari,
1251 1908 1375 1973 confido
1406 1909 1490 1992 quod
1519 1929 1577 1992 per
1605 1909 1696 1974 illum
1726 1912 1900 1979 restituar

247 2011 390 2077 sanitati.
456 2013 518 2093 (53)
551 2010 642 2074 Tunc
675 2017 825 2094 parentes
859 2009 963 2094 ipsius
996 2018 1028 2076 11
1061 2011 1156 2077 amici
1189 2020 1342 2096 praepete
1376 2032 1470 2077 cursu
1504 2033 1560 2097 pro
1594 2013 1716 2078 femina
1746 2015 1898 2081 beatum
1921 2037 1953 2078 rs

245 2113 429 2179 Mamilium
462 2113 612 2178 adierunt
645 2112 707 2197 piis
741 2112 891 2197 precibus
918 2113 1135 2198 postulantes,
1175 2122 1209 2180 ut
1235 2122 1399 2197 aegrotam
1429 2115 1550 2181 diutius
1579 2116 1791 2200 languentem
1825 2138 1899 2186 sua

245 2217 450 2282 miseratione
480 2215 636 2282 visitaret.
684 2216 745 2280 lile
774 2216 829 2281 ubi
860 2215 919 2281 hoc
947 2216 1088 2298 audivit,
1123 2217 1331 2284 reminiscens
1359 2218 1442 2283 illud
1471 2218 1607 2285 dicentis
1635 2218 1758 2284 domini
1782 2221 1898 2288 bene-

245 2320 383 2387 dictum:
417 2322 680 2402 1111111111
702 2322 852 2382 visitastis
877 2340 937 2399 1111,
972 2339 1031 2386 111
1062 2340 1151 2385 mora
1173 2321 1382 2406 proficiscitur
1404 2341 1475 2386 cum
1499 2321 1631 2387 eisdem.
1683 2323 1747 2404 (51)
1778 2324 1898 2393 Vento

245 2432 353 2490 autern
382 2423 439 2488 illo
468 2423 511 2488 ad
542 2422 688 2505 domum,
726 2422 766 2488 de
795 2442 881 2488 more
912 2423 1042 2507 proprio
1072 2423 1161 2508 prius
1190 2425 1361 2509 prostravit
1391 2445 1427 2489 se
1456 2423 1498 2489 ad
1527 2425 1720 2506 orationem,
1761 2426 1897 2496 deinde

244 2546 376 2610 aegram
406 2526 551 2606 intuens,
585 2531 717 2610 accepto
746 2525 909 2592 benedieti
938 2526 1001 2591 olei
1031 2526 1153 2608 liquore
1184 2527 1329 2592 mulieris
1357 2528 1501 2593 membra
1530 2528 1689 2613 perunxit.
1737 2529 1898 2615 Expieto
1921 2552 1956 2594 11

245 2649 384 2713 namque
407 2628 564 2695 unctionis
587 2627 692 2694 cilicio
715 2627 836 2694 femina
859 2630 998 2695 surrexit
1018 2629 1204 2711 incolumis,
1231 2630 1341 2712 itaque
1364 2632 1525 2716 extemplo
1547 2633 1694 2697 restituta
1717 2640 1771 2698 est
1795 2637 1899 2702 sani-

244 2734 313 2816 tati,
341 2741 376 2798 ut
396 2732 476 2797 nihil
500 2739 635 2798 eatenus
657 2738 823 2816 putaretur
846 2732 1019 2816 pertulisse
1041 2732 1245 2798 incommodi.

143 2837 225 2904 XIH
339 2837 399 2920 (55)
427 2836 556 2900 Interea
582 2834 658 2899 dum
680 2834 800 2899 talibus
823 2834 873 2898 vir
895 2835 1009 2900 beatus
1031 2835 1066 2900 in
1087 2836 1221 2920 praedio
1241 2836 1405 2902 calonnae
1428 2835 1556 2904 floreret
1577 2837 1698 2903 meritis
1722 2845 1756 2904 et
1780 2841 1900 2910 virtu-

245 2939 343 3021 tibus,
372 2939 448 3003 urbs
471 2937 646 3002 Andecava
668 2937 797 3021 proprio
820 2943 948 3022 pastore
971 2937 1174 3004 viduabatur.
1226 2942 1287 3023 (56)
1314 2941 1396 3005 Tum
1421 2941 1514 3025 plebs
1536 2941 1659 3006 urbana
1682 2941 1735 3005 vel
1759 2946 1898 3014 rustica

243 3061 304 3107 nec
332 3061 395 3106 non
424 3047 457 3106 et
483 3039 634 3104 universa
655 3039 825 3121 nobilitas,
858 3041 1001 3106 collectis
1024 3041 1120 3106 etiam
1144 3041 1287 3125 undique
1311 3042 1548 3127 sacerdotibus,
1580 3043 1613 3108 in
1635 3062 1734 3108 unum
1758 3065 1896 3116 venere
1920 3068 1957 3111 11

244 3144 428 3224 concilium,
463 3142 686 3226 conquirentes
715 3144 787 3226 quis
817 3163 925 3208 eorum
949 3143 1101 3209 substitui
1125 3144 1258 3211 deberet
1279 3146 1312 3210 in
1335 3147 1518 3231 pontificale
1540 3146 1763 3212 ministerium.
1818 3150 1897 3218 Sed

244 3267 278 3312 11
308 3266 387 3311 1111
415 3252 472 3311 aut
500 3251 632 3311 ventoso
656 3245 832 3312 nobilitatis
856 3246 967 3312 favore
989 3256 1045 3312 aut
1067 3249 1214 3332 pecuniis
1236 3249 1401 3332 subrogati
1424 3251 1467 3315 ad
1490 3248 1571 3315 tanti
1593 3249 1746 3315 culminis
1770 3251 1896 3337 digni-

243 3358 342 3416 tatem
365 3349 496 3432 quidam
520 3349 601 3415 alios
624 3347 863 3433 praeferebant.
915 3353 975 3435 (57)
1004 3350 1147 3433 Ideoque
1166 3352 1200 3416 in
1216 3371 1313 3417 unum
1329 3373 1392 3417 non
1408 3352 1560 3418 valebant
1573 3352 1682 3417 venire
1698 3352 1891 3437 decretum,

248 3474 286 3520 eo
310 3452 396 3537 quod
419 3452 515 3518 etiam
539 3452 690 3536 scriptum
715 3452 757 3517 sit
779 3472 837 3538 per
859 3454 1065 3539 prophetam:
1092 3458 1241 3518 Dominus
1264 3460 1319 3518 scit
1335 3459 1528 3540 cogitationes
1543 3457 1706 3535 1111111111,
1732 3463 1894 3539 quoniam

246 3578 342 3620 111111
365 3566 446 3636 suat,
472 3555 658 3622 etiterum:
687 3558 855 3633 Ouodona
878 3567 923 3621 111
987 3560 1040 3621 deo
1063 3561 1221 3621 1111111111
1245 3579 1411 3641 1111111111
1432 3562 1544 3641 poterit
1564 3560 1698 3622 stobib'ri
1711 3561 1767 3622 sed
1784 3565 1888 3628 solvi.
1915 3583 1951 3625 11

331 3729 362 3780 11
382 3731 472 3780 uasta.
494 3730 536 3791 11,
557 3730 600 3779 11,
707 3729 741 3780 11
759 3730 799 3779 m.
822 3728 864 3793 11,
888 3730 928 3780 11.
1037 3731 1145 3781 11111.
1167 3732 1192 3794 1,
1214 3732 1255 3781 aa.

243 3973 331 4021 iociter
357 3987 415 4021 eum
441 3974 543 4021 daemon
567 3974 679 4034 reliquit.
716 3972 833 4031 Eiiugato
856 3973 952 4020 latrone
976 3973 1190 4021 clementissimus
1213 3973 1290 4020 iudea
1312 3987 1382 4021 reum
1406 3987 1479 4021 suum
1506 3980 1626 4035 reputans
1650 3987 1700 4021 non
1725 3974 1811 4024 iurem
1836 3980 1889 4028 sed

242 4059 383 4121 custodem,
411 4067 462 4107 tres
487 4060 510 4107 ei
535 4072 622 4106 aureos
646 4058 726 4117 dedit,
756 4060 840 4119 sieque
865 4064 890 4106 et
914 4059 1008 4107 animal
1031 4061 1126 4120 recepit
1151 4064 1176 4107 11
1195 4059 1320 4107 hominem
1340 4060 1434 4121 absque
1453 4059 1540 4120 cnlpae
1559 4072 1623 4107 noxa
1641 4060 1670 4107 11
1688 4061 1791 4124 propria
1810 4064 1889 4113 abire

244 4148 368 4208 permisit.

329 4230 640 4290 1-1111111111111.
662 4234 709 4278 111
735 4229 849 4278 Matrona
876 4230 978 4279 nomine
1003 4231 1102 4279 Amelia
1128 4244 1161 4279 ex
1189 4232 1267 4281 nobili
1295 4236 1398 4280 senatus
1426 4244 1517 4293 genere
1542 4232 1646 4280 veniens
1670 4231 1767 4292 longam
1794 4238 1887 4296 aegri-

243 4319 359 4368 tudinem
384 4319 521 4366 incurrerat
545 4321 571 4363 et
594 4329 639 4376 per
662 4328 740 4364 annos
764 4316 894 4364 duodecim
919 4317 1053 4364 tenebatur
1077 4316 1189 4378 quotidie
1207 4318 1396 4376 ingravescente
1415 4318 1507 4366 morbo.
1547 4317 1619 4365 Tune
1636 4322 1753 4379 parentes
1771 4320 1829 4368 eins
1849 4323 1887 4372 ad

242 4407 346 4454 beatum
364 4402 508 4451 Mamilium
532 4409 664 4464 precantes
687 4402 823 4462 accedunt,
850 4409 880 4449 ut
898 4416 952 4450 eam
971 4404 1119 4451 visitaturus
1138 4417 1181 4465 pro
1200 4404 1320 4452 mercedis
1340 4417 1464 4465 supernas
1483 4417 1558 4453 causa
1575 4403 1663 4451 adesse
1682 4404 1793 4453 deberet.
1834 4406 1887 4455 Tl-

242 4504 314 4540 mens
339 4489 450 4539 sacerdos
475 4489 588 4537 futurum
612 4488 705 4536 domini
727 4488 863 4536 iudicantis
886 4490 913 4536 in
931 4490 1138 4538 immisericordes
1158 4489 1266 4537 dictum:
1296 4490 1416 4552 Infirmas
1435 4489 1477 4549 sai
1495 4495 1518 4539 et
1536 4502 1587 4538 aon
1604 4491 1722 4537 visitastis
1739 4504 1792 4552 me,
1820 4505 1886 4543 cum

241 4578 303 4641 ipsis
327 4578 358 4625 ad
383 4590 439 4624 sam
462 4576 583 4637 perrexit.
622 4575 656 4623 Et
673 4575 772 4622 domum
792 4575 920 4635 ingressus
939 4576 982 4622 nbi
1001 4589 1076 4623 manu
1095 4557 1140 4623 sua
1159 4589 1215 4625 cum
1234 4577 1343 4624 oratione
1362 4576 1489 4625 unctionis
1508 4576 1590 4624 oleam
1608 4576 1635 4623 in
1653 4581 1777 4636 aegrotam
1797 4578 1882 4644 ludit,

241 4665 300 4712 ilico
324 4665 415 4712 mulier
438 4674 514 4723 snper
535 4661 612 4723 pedes
637 4674 695 4710 auos
720 4662 791 4709 stetit
815 4667 841 4709 et
864 4662 997 4709 incolumis
1015 4663 1107 4722 gratias
1126 4662 1172 4710 deo
1190 4664 1255 4725 egit,
1284 4664 1349 4724 quod
1367 4676 1413 4724 per
1431 4668 1545 4711 sanctum
1563 4662 1706 4710 Maurilium
1725 4661 1884 4713 citissimam

241 4750 381 4811 recepisset
404 4749 551 4810 1111111111,
578 4762 642 4810 quae
666 4749 736 4810 prius
762 4761 852 4808 magna
869 4761 901 4795 ex
920 4754 989 4809 parte
1007 4750 1034 4797 in
1054 4748 1162 4798 medicos
1180 4749 1311 4796 facultates
1330 4763 1388 4797 suas
1407 4749 1562 4811 perdiderat,
1589 4747 1657 4796 unde
1674 4747 1784 4796 remedia
1802 4749 1882 4799 nulla

242 4841 378 4898 receperat,
397 4835 442 4884 sed
461 4841 487 4883 et
505 4835 618 4882 deterius
636 4837 661 4882 ei
679 4847 778 4896 semper
796 4836 934 4895 contigerat
952 4835 979 4882 in
998 4835 1145 4895 contagione
1164 4836 1252 4883 morbi.

328 4919 430 4971 23-30
450 4920 617 4981 111911111
635 4935 656 4969 c.
678 4922 725 4968 19.-
752 4919 815 4969 Cum
840 4921 932 4969 talibus
958 4922 996 4968 vir
1020 4921 1116 4968 domini
1139 4920 1272 4970 biaurilius
1296 4923 1323 4969 in
1345 4919 1498 4969 (1111111111
1522 4922 1577 4968 1111
1600 4920 1745 4968 claresceret
1768 4930 1880 4968 conver

241 5009 346 5058 sationis
368 5015 444 5070 atque
466 5008 638 5056 miraculorum
665 5008 821 5068 insignibus,
849 5008 934 5056 evenit
956 5013 985 5055 ut
1003 5007 1151 5055 Andecavos
1175 5008 1285 5056 civitatis
1310 5007 1458 5068 episcopalis
1482 5007 1554 5055 sedes
1572 5005 1711 5054 nudaretur
1729 5019 1743 5052 a
1760 5011 1876 5066 pastore.

241 5096 318 5156 Ergo,
340 5101 369 5143 ut
387 5101 427 5143 est
445 5094 614 5154 consuetudo,
639 5094 733 5142 collecti
752 5096 778 5141 ln
798 5108 877 5142 unum
896 5093 1035 5143 sacerdotes
1053 5099 1079 5141 et
1098 5098 1204 5141 cunctus
1222 5093 1330 5155 populus
1348 5095 1509 5153 conglobatus
1527 5092 1558 5140 ad
1577 5090 1782 5140 substituendum
1801 5104 1879 5152 prae-

242 5183 322 5230 sulem
341 5182 412 5244 qnasi
430 5184 470 5229 vir
487 5194 555 5229 unns
573 5186 711 5242 coeperunt
732 5181 799 5229 intra
818 5194 845 5228 11
863 5183 1007 5242 mussitare,
1026 5182 1083 5242 quis
1103 5179 1134 5228 de
1151 5180 1189 5228 eis
1208 5181 1381 5242 pontificatum
1401 5181 1515 5241 accipere
1527 5180 1661 5240 potuisset.
1694 5175 1744 5224 Sed
1757 5176 1878 5227 variante

242 5269 345 5317 consilio
368 5275 393 5317 et
415 5282 459 5329 per
482 5269 573 5317 favoris
592 5268 700 5316 noxialis
718 5269 839 5315 scissuras
858 5269 884 5314 in
904 5266 1002 5314 diversa
1019 5266 1125 5326 partito,
1154 5271 1219 5314 stare
1238 5279 1287 5313 non
1305 5267 1389 5327 potuit
1412 5266 1479 5327 quod
1502 5280 1516 5313 a
1542 5265 1587 5313 dec
1612 5263 1744 5320 nonfuit,
1770 5268 1799 5309 ut
1818 5276 1881 5325 pro

241 5355 318 5417 pheta
336 5357 384 5402 ait:
413 5354 577 5415 Cogitationes
595 5354 719 5402 bominum
737 5357 902 5401 1111111111.
941 5353 1108 5412 Eligebantur
1131 5354 1199 5401 enim
1224 5366 1275 5401 non
1297 5353 1349 5400 veri
1373 5357 1501 5415 pastores,
1529 5350 1574 5399 sed
1598 5351 1643 5411 qni
1668 5350 1695 5396 in
1719 5349 1775 5409 ipso
1792 5348 1879 5399 oiiicio

243 5455 287 5488 sua
307 5453 355 5488 non
375 5442 433 5489 lesu
452 5440 548 5489 Christi
566 5441 636 5489 lucra
654 5447 812 5502 quaererent,
832 5442 927 5501 quique
946 5439 1013 5500 quod
1032 5440 1152 5502 periisset
1169 5441 1196 5487 in
1216 5439 1340 5488 dominico
1357 5451 1431 5498 grege
1451 5437 1557 5486 solidare
1576 5450 1625 5485 non
1644 5439 1756 5498 possent.

331 5681 340 5728 i
363 5696 394 5731 ue
413 5677 525 5747 curetur]
543 5694 592 5729 om.
607 5681 629 5727 P
