4374 6186
913 379 1143 437 Paaaafflvst.
1697 381 1843 448 XXXIII

419 626 452 669 se
474 607 627 668 eoeaadire
651 609 805 669 consuevit
828 642 869 652 -
892 625 1026 668 amorem
1045 606 1187 687 proocimi
1208 605 1320 682 doceat,
1347 603 1403 669 fol.
1430 606 1471 668 32
1496 608 1568 668 item
1590 607 1655 669 alia
1678 608 1839 689 expositio.

424 714 513 773 Pater
542 719 644 773 noster
673 712 726 791 qai
753 729 784 771 es
814 712 846 771 ia
868 709 964 772 caelis
987 744 1028 753 —
1051 709 1197 770 servitute
1219 727 1296 769 raea.
1346 711 1418 771 itero
1441 710 1506 770 alia
1528 711 1688 791 eapositib.
1736 712 1842 773 Oratio

421 814 572 876 domtbica
594 813 708 876 dicitur
729 848 772 858 -
794 832 861 874 cam
885 813 936 874 illo
959 830 1132 872 ruereaatar
1154 828 1229 890 esse,
1255 807 1310 874 tol.
1335 812 1373 873 33
1397 813 1555 893 Expositio
1573 812 1646 893 fidei
1666 812 1839 876 catholicae.

421 918 606 1001 eadamque
634 916 719 978 bomo
750 916 816 977 aad
842 915 950 977 soloas
980 932 1058 994 esse,
1090 922 1160 976 aate
1188 915 1289 975 outaio
1318 915 1351 976 id
1377 923 1420 976 est
1448 932 1542 997 saper
1563 917 1665 977 omnia
1686 934 1762 997 opas
1784 900 1839 995 esi,

418 1015 475 1083 fol.
501 1019 552 1082 36.
600 1015 839 1103 Expositionem
861 1014 902 1082 de
925 1035 989 1098 qua
1010 1015 1149 1098 agimus.
1175 1052 1216 1062 -
1238 1014 1343 1080 Waitn
1366 1015 1509 1081 contulit.

213 1121 245 1185 M
369 1114 480 1187 codex
500 1117 705 1186 Monacensis
728 1118 863 1185 Latinum
885 1139 934 1184 nr.
963 1121 1076 1196 19117,
1103 1118 1179 1183 olim
1201 1118 1454 1202 Tegernseensis
1476 1140 1524 1184 nr.
1552 1124 1642 1201 1417,
1670 1138 1757 1186 saec.
1779 1119 1837 1202 IX,

419 1222 541 1289 formae
563 1229 707 1304 octavae,
734 1221 791 1288 fol.
814 1217 947 1285 tt-tt'
964 1228 1087 1288 textum
1110 1221 1328 1307 Expositionis
1352 1221 1550 1290 decurtatum
1573 1222 1723 1290 continet.
1763 1223 1842 1287 For-

417 1324 522 1392 tunati
542 1345 659 1391 nomen
682 1323 735 1390 hic
757 1324 888 1391 libellus
911 1324 1105 1391 nonhabet.
1133 1362 1174 1371 -
1196 1324 1309 1391 Jacobi
1333 1326 1477 1391 contulit.

214 1430 239 1492 F
370 1427 481 1494 Codex
503 1427 706 1495 Florentinus
728 1427 943 1494 bibliothecae
966 1427 1037 1493 Soc.
1063 1427 1148 1509 Iesu,
1175 1428 1373 1505 chartaceus,
1401 1448 1485 1495 saec.
1511 1429 1599 1512 XIV,
1624 1448 1718 1513 quem
1743 1433 1777 1493 F.
1801 1428 1838 1491 Α.

420 1533 599 1613 Zachariae,
624 1535 787 1595 Eoccursas
812 1534 955 1595 litterarii
975 1550 1033 1614 per
1057 1533 1177 1595 ltaliam
1207 1534 1267 1595 Vol.
1295 1535 1319 1611 1,
1343 1553 1375 1614 p.
1394 1537 1468 1612 307,
1502 1536 1626 1597 Venetiis
1645 1536 1740 1613 1754,
1767 1550 1842 1596 cou-

419 1634 504 1717 tulit,
529 1639 651 1701 textum
675 1633 812 1700 eundem
835 1654 874 1700 ao
896 1634 928 1698 Μ
951 1632 1091 1700 exhibet.

298 1755 498 1840 Quamquam
514 1755 574 1819 ΜΡ
596 1753 710 1820 iisdem
726 1753 852 1819 mendis
867 1753 1024 1844 inquipati
1040 1759 1114 1818 sunt
1129 1753 1306 1838 eodemque
1321 1753 1415 1820 modo
1431 1754 1530 1836 hiant,
1556 1762 1664 1822 tamen
1679 1756 1840 1822 nonnullis

213 1875 291 1941 locis
314 1875 361 1941 ita
383 1880 558 1960 praestant,
585 1880 621 1940 ut
643 1894 664 1939 a
685 1872 838 1939 codiceA
860 1872 1075 1939 recedendum
1098 1873 1176 1939 mihi
1199 1880 1301 1949 esset;
1329 1873 1369 1939 cf.
1394 1873 1480 1939 infra
1502 1896 1533 1960 p.
1557 1879 1627 1958 107,
1647 1888 1690 1940 st.
1720 1877 1791 1959 109,
1811 1887 1837 1940 t.

213 1995 286 2074 Qua
306 1996 341 2061 in
363 2015 398 2062 re
421 2015 492 2061 oum
508 1994 667 2060 Zacharia
689 1993 852 2073 convenio,
882 1993 937 2077 qui
959 1993 1000 2059 de
1023 1993 1174 2060 codiceF
1195 1994 1247 2076 (ad
1261 2016 1294 2080 p.
1317 1999 1387 2078 109,
1409 1996 1431 2076 1)
1455 1995 1537 2060 haec
1559 1995 1698 2081 scripsit:
1727 2000 1842 2062 Omittit

211 2126 315 2181 noster
333 2118 447 2197 Codea,
472 2137 526 2180 aec
549 2119 686 2191 ioioria;
710 2117 858 2199 piossema
880 2117 959 2178 eoiot
983 2116 1105 2178 videtur
1127 2118 1224 2197 inepte
1248 2119 1279 2178 ia
1300 2136 1424 2199 proaem
1447 2117 1525 2180 hooc
1536 2119 1609 2198 fidei
1623 2120 1840 2199 obpositionem

212 2240 377 2300 intrusam.
426 2234 520 2300 Addit
537 2257 632 2319 porro
655 2236 739 2317 baec,
765 2254 843 2318 qaae
865 2237 897 2297 ia
919 2238 1133 2300 Maratoriaao
1156 2237 1293 2316 eoeempio
1317 2237 1545 2302 desiderantur.

298 2355 464 2441 Expositio
487 2354 562 2423 fidei
585 2354 764 2422 catholicae
786 2361 836 2420 ter
858 2353 946 2421 edita
968 2361 1027 2420 est.

369 2480 537 2558 Miloniani,
572 2476 724 2540 Aoecdota
751 2497 794 2539 coc
816 2473 1038 2539 Ausbrosiaaae
1067 2476 1259 2539 bibliothecae
1286 2476 1437 2540 codicibus
1465 2497 1547 2541 ottae
1572 2480 1706 2559 primam
1736 2488 1836 2557 erata,

418 2581 584 2645 Mediolani
605 2584 699 2660 1698,
726 2579 768 2659 Π,
794 2600 828 2664 p.
855 2581 917 2642 212
941 2577 1051 2645 codice
1073 2579 1102 2643 Α
1125 2598 1203 2645 usus
1225 2585 1284 2644 est.

371 2685 560 2763 Wateriarud,
588 2681 610 2744 Λ
631 2685 750 2747 critical
770 2683 886 2764 bistorp
908 2683 944 2763 of
962 2684 1009 2745 the
1024 2682 1216 2746 Athanasiaa
1238 2685 1335 2763 snaed,
1364 2683 1544 2768 Gambridpe
1559 2686 1648 2749 ttae
1668 2682 1730 2767 (ed.
1749 2683 1834 2767 alt),

418 2806 450 2870 p.
479 2789 538 2850 297
575 2784 794 2850 Muratoriaua
827 2784 968 2850 editione
1001 2791 1033 2850 et
1060 2784 1169 2851 codice
1199 2784 1374 2851 Oxouiensi
1404 2804 1422 2850 e
1451 2784 1647 2852 bibliotheca
1675 2786 1838 2853 Francisci

417 2888 512 2970 Iunii,
540 2907 625 2955 saec.
645 2888 677 2953 X
699 2887 826 2974 scripto,
855 2907 933 2953 usus
955 2895 1015 2954 est.
1056 2889 1089 2953 ls
1111 2888 1255 2953 eiusdem
1278 2887 1407 2972 generis
1426 2908 1465 2954 ac
1480 2888 1541 2953 ΜΡ
1555 2895 1633 2969 erat,
1661 2909 1734 2955 cum
1754 2889 1840 2956 infra

418 3011 452 3076 p.
474 2997 544 3073 106,
565 3004 606 3073 15,
634 3011 690 3077 pro
712 2991 819 3058 verbis
842 3013 932 3076 aarum
949 3029 991 3039 —
1009 2993 1123 3055 Christi
1144 2991 1263 3076 scripta
1284 2997 1408 3056 essent:
1436 2993 1523 3056 Fides
1546 2993 1659 3057 dt'citar
1673 2994 1839 3058 credulitas

417 3099 482 3158 sive
504 3097 671 3159 credentia.

366 3200 462 3263 Laeti
482 3220 514 3283 p.
542 3200 603 3263 186
631 3199 683 3281 (=
707 3201 807 3281 Ilipoe
829 3196 1051 3276 LXXXVIII,
1078 3218 1109 3281 p.
1136 3198 1208 3281 585)
1243 3204 1364 3263 textum
1394 3197 1643 3265 Muratorianum
1674 3199 1834 3285 repetivit,

415 3321 510 3385 quem
532 3321 605 3367 cum
627 3299 786 3367 Zacharia
812 3299 857 3382 (F)
885 3299 1028 3366 contulit.

296 3421 444 3505 Denique
477 3421 553 3488 huic
585 3420 740 3486 volumini
772 3419 897 3485 indlces
926 3419 989 3485 ‹luo
1019 3421 1136 3486 adlecti
1167 3428 1241 3486 sunt
1269 3421 1439 3488 historicus
1468 3428 1501 3488 et
1529 3422 1764 3508 geographicas
1793 3423 1837 3489 ad

210 3550 378 3625 utrumque
401 3543 551 3609 volumen
574 3540 811 3627 pervenientes.

415 3693 557 3762 Berolini
579 3714 642 3760 vm
664 3696 732 3759 kal.
758 3693 838 3760 Feb.
865 3696 959 3758 1885.

1437 3814 1553 3895 Biana
1581 3813 1730 3896 ltcusch.
