4374 6186
886 432 1088 490 (tartuluvtl
1110 435 1180 490 ullu
1203 437 1236 490 l'.

683 897 978 992 augustidunensis
1000 920 1080 983 opus
1103 900 1160 965 tibi
1184 901 1284 980 solvo,
1312 901 1438 985 Syagri.

612 1085 691 1149 Dius
714 1106 798 1170 apex
822 1087 926 1152 Adam
950 1094 984 1150 ut
1007 1087 1097 1167 lecit,
1124 1088 1181 1154 dat
1202 1089 1343 1169 somnia,
1371 1090 1472 1155 donce

610 1189 725 1253 avulsa
762 1196 851 1256 costa
888 1191 1049 1274 plasmata
1090 1199 1139 1256 est
1176 1193 1246 1256 Eva
1283 1212 1343 1257 nec
1379 1192 1488 1276 inpar:

609 1291 721 1357 felices
786 1292 922 1377 pariter,
999 1292 1141 1378 diploide
1214 1294 1296 1359 lucis
1369 1295 1488 1379 operti,

543 1414 556 1449 ⁵
609 1416 663 1461 ore
718 1403 921 1462 coruscantes
976 1396 1061 1462 inter
1114 1398 1169 1482 pia
1219 1418 1293 1462 rura
1343 1398 1488 1482 iugales3

609 1499 698 1583 ripae
750 1499 909 1565 incundae
959 1500 1028 1567 uari
1079 1508 1172 1583 grata
1223 1521 1302 1566 aura
1346 1500 1488 1581 redibat,

609 1601 688 1666 turis
762 1601 900 1667 deliciae
971 1604 1159 1669 saturabant
1228 1605 1324 1669 ubere
1393 1603 1489 1668 tlatu.

608 1726 673 1769 una
724 1705 836 1770 fovens
887 1706 998 1770 ambos
1042 1705 1157 1771 florosa
1201 1706 1278 1772 sede
1323 1707 1487 1790 voluptas,

608 1814 684 1872 uota
728 1808 819 1872 bonis
862 1808 950 1891 regio
994 1809 1148 1892 pascebat
1191 1810 1314 1892 Tempe
1358 1811 1481 1875 beatos.

528 1929 555 1968 ¹⁰
609 1919 643 1977 at
675 1931 746 1976 cum
780 1917 845 1976 tam
878 1931 996 1995 magno
1029 1912 1189 1997 pollerent
1217 1913 1320 1977 maius
1352 1913 1488 1992 honore,

609 2020 675 2079 tota
719 2013 881 2078 hominum
926 2013 1004 2080 mire
1042 2014 1177 2098 parebat
1213 2021 1299 2080 terra
1337 2015 1488 2096 duorum,

607 2118 751 2183 occultus
795 2117 933 2182 mendax
976 2137 1049 2181 mox
1090 2117 1193 2183 exerit
1228 2139 1319 2183 arma
1355 2118 1486 2184 veneni:

608 2239 741 2304 serpens
798 2220 922 2298 elatus,
985 2221 1121 2302 zelator,
1184 2221 1312 2286 larveus
1368 2220 1485 2299 hostis,

608 2330 698 2388 atrox
764 2322 917 2387 innocuos
984 2323 1135 2389 evincens
1201 2323 1279 2388 selle
1344 2323 1470 2388 nocenti

528 2445 555 2483 ¹⁵
608 2424 735 2491 conlisit
790 2444 888 2489 suasu
943 2444 1022 2507 quos
1077 2424 1183 2508 gratia
1233 2425 1309 2490 diva
1358 2426 1480 2490 bearat.

609 2535 641 2594 et
676 2529 770 2593 homo
808 2528 848 2593 de
885 2534 971 2593 terra
1002 2535 1069 2592 tum
1104 2528 1208 2593 denuo
1242 2527 1362 2594 decidit
1394 2528 1477 2593 illuc·

608 2632 826 2717 reptantisque
881 2630 955 2696 dolo
1012 2630 1107 2695 Eoois
1162 2630 1343 2696 excluditur
1396 2637 1477 2696 ortu.

608 2735 669 2800 luae
711 2734 779 2800 nati
823 2733 973 2799 morimur
1010 2733 1151 2800 damnati
1190 2735 1263 2817 lege
1300 2741 1480 2819 parentum.

608 2846 642 2902 at
674 2837 755 2902 deus
789 2837 954 2903 excellens
988 2836 1040 2902 aie
1075 2844 1107 2902 et
1138 2836 1179 2902 de
1213 2837 1332 2902 lumine
1363 2837 1472 2903 lumen

609 2959 626 3003 e
672 2940 753 3004 caeli
799 2940 878 3005 solio
919 2939 995 3004 dum
1033 2959 1166 3005 munera
1203 2939 1351 3022 providet
1388 2940 1488 3018 ultro,

608 3049 717 3108 castae
773 3062 869 3108 carne
924 3042 996 3108 rudi
1051 3042 1146 3107 vivax
1199 3042 1318 3108 introiit
1367 3060 1484 3125 agnus.

608 3144 726 3231 prodiit
790 3145 866 3211 inde
932 3147 1021 3211 salus
1088 3145 1275 3211 matutinive
1338 3147 1471 3211 lucerna

607 3249 746 3314 intactae
797 3256 890 3333 partu
941 3250 996 3314 lux
1042 3249 1124 3315 eruit
1168 3248 1274 3314 excita
1318 3248 1489 3314 mundum:

608 3374 628 3416 a
648 3358 740 3438 patre
761 3351 830 3416 iure
853 3351 950 3434 deus,
985 3352 1078 3417 homo
1102 3352 1219 3417 dehinc
1241 3371 1375 3417 carneus
1398 3353 1489 3443 alvo,

524 3476 528 3488 ·
607 3462 643 3519 ut
685 3473 743 3518 nos
788 3453 942 3538 eriperet,
997 3454 1053 3519 vili
1099 3475 1133 3520 00
1178 3454 1319 3520 detrahit
1361 3462 1483 3521 auctor.

608 3578 626 3621 0
660 3556 746 3639 regis
780 3557 895 3622 venale
927 3565 1040 3641 caput,
1082 3557 1168 3640 quod
1202 3557 1242 3623 de
1277 3577 1370 3624 cruce
1403 3557 1489 3638 fixit,

609 3661 673 3726 telo
725 3679 802 3725 voce
854 3680 951 3725 manu
1004 3661 1174 3727 mallactua
1219 3661 1350 3727 verbere
1394 3661 1489 3743 felle,

608 3783 646 3828 ac
690 3769 724 3828 tu
769 3762 831 3828 hac
871 3762 970 3829 solvis
1012 3763 1155 3849 captivos
1199 3770 1301 3846 00010,
1348 3771 1488 3830 creator:

609 3886 680 3932 sero
724 3885 801 3930 vera
845 3865 922 3931 data
965 3873 1014 3932 est
1058 3866 1166 3932 vitalis
1211 3866 1328 3951 emptio
1373 3875 1489 3939 morte;

525 3991 529 4002 ·
608 3987 722 4054 ymnos
767 3969 851 4033 unde
896 3967 957 4034 deo
1001 3969 1113 4052 loquor
1156 3969 1344 4036 absolvente
1381 3977 1482 4035 reatu.

609 4080 643 4138 at
691 4091 765 4154 vos,
819 4077 970 4138 aeternae
1021 4072 1144 4138 suffulti
1195 4072 1291 4137 laude
1336 4093 1487 4154 coronae,

610 4174 774 4240 Gallorum
812 4173 911 4256 radii,
952 4173 1043 4239 vobis
1079 4195 1141 4258 quo
1178 4175 1303 4257 fulgeat
1339 4181 1371 4241 et
1410 4195 1490 4258 nox,

609 4276 746 4362 rumpite
791 4277 858 4342 lora
900 4277 987 4361 iugis
1031 4284 1063 4342 et
1107 4277 1231 4342 sumitis
1275 4298 1364 4342 anna
1408 4277 1489 4343 diei:

609 4381 722 4466 ipsave
774 4379 905 4446 libertas
956 4398 1012 4447 vos
1064 4379 1179 4447 liberat
1221 4388 1318 4463 atque
1361 4381 1482 4449 beabit.

611 4916 663 4981 Da
686 4916 859 4980 Fortunato
882 4934 974 4980 sacer
997 4915 1077 4980 haec
1100 4914 1154 4998 pia
1176 4921 1251 4979 vota
1274 4915 1403 5000 syagri.

610 5068 762 5153 Captivos
784 5069 898 5134 laxans
920 5067 1040 5135 domini
1063 5067 1228 5133 meditatio
1250 5069 1318 5134 lies.

610 5223 732 5290 Cristus
755 5242 790 5288 00
813 5223 899 5288 misit
922 5243 992 5288 cum
1015 5242 1072 5289 nos
1096 5245 1117 5288 a
1139 5229 1239 5289 morte
1261 5224 1395 5289 revexit.

611 5550 713 5616 Dulce
736 5550 789 5616 dei
812 5568 926 5616 munus
949 5571 1011 5635 quo
1033 5570 1124 5616 merx
1147 5557 1179 5615 tc
1202 5570 1275 5615 care
1299 5557 1436 5616 coronet.

610 5704 694 5769 Cara
716 5702 776 5769 deo
798 5705 901 5789 pietas
923 5705 1062 5770 animam
1086 5705 1143 5782 dat
1166 5703 1206 5769 de
1230 5723 1308 5771 nece
1330 5705 1422 5769 solvi.
