4374 6186
353 399 394 463 34
958 395 1129 453 VENANTI
1146 395 1367 453 FORTVNATl

351 584 477 669 indiget
503 586 558 670 qui
589 586 784 653 domesticae
813 586 936 670 gloriae
965 586 1165 653 documentis
1193 587 1335 653 excellit.
1387 589 1428 671 (8)
1455 588 1495 651 Et
1524 593 1631 653 tamen
1655 590 1876 655 corroboratur
1897 610 1978 674 grex

352 690 489 757 devotus
512 690 553 756 de
574 691 713 774 pastoris
736 690 901 774 suffragio,
928 691 1076 774 quotiens
1098 691 1348 776 praemissarum
1370 690 1522 757 virtutum
1543 690 1616 776 ipso
1639 699 1801 758 recreatur
1822 694 1945 759 auditu.

282 790 332 856 lIl
445 794 483 878 (9)
518 793 762 860 Sacratissimus
790 794 890 877 igitur
917 795 1074 860 Paternus
1103 794 1274 879 episcopus
1302 793 1453 860 pictavus
1484 793 1563 860 civis
1591 795 1805 879 Aquitanicae
1835 797 1977 881 regionis

350 896 443 967 iuxta
471 898 594 965 saeculi
622 898 766 964 ordinem
794 897 959 982 generosis
988 898 1175 983 parentibus
1204 905 1351 979 exortus,
1384 897 1419 963 in
1446 897 1722 966 administratione
1752 901 1882 985 publica
1903 922 1977 986 pro-

265 1064 270 1071 .
353 1007 495 1082 creatus,
530 1002 714 1084 generosior
742 1002 884 1067 moribus
913 1001 1095 1082 institutus,
1127 1001 1267 1066 alulita
1292 1007 1393 1066 matre
1416 1000 1483 1067 iere
1507 1002 1678 1087 sexaginta
1699 1025 1855 1070 annerum
1879 1004 2010 1071 viduas

351 1104 551 1171 nobilissime
573 1106 738 1187 enutritus,
766 1105 898 1172 caelesti
920 1104 1128 1191 inspiratione
1150 1104 1191 1169 ab
1215 1105 1295 1189 ipsis
1318 1104 1412 1170 annis
1434 1104 1591 1172 infantiae
1612 1113 1757 1172 maturae
1780 1108 1866 1174 vitae
1887 1108 1978 1174 irena

352 1208 494 1292 suscepit
522 1216 555 1274 et
583 1209 617 1273 in
646 1209 874 1274 monasterium
899 1209 1076 1275 Enessione
1104 1209 1215 1292 iugum
1245 1208 1424 1274 dominicae
1454 1210 1599 1275 culturae
1630 1212 1835 1278 monachicus
1867 1220 1977 1295 gesta·

350 1322 441 1377 turus
472 1312 637 1397 expetivit.
689 1315 749 1397 (10)
778 1311 840 1392 Qui
868 1333 941 1378 mox
969 1313 1010 1378 ab
1040 1313 1157 1378 abbate
1188 1331 1245 1377 suo
1274 1312 1318 1378 ad
1348 1311 1619 1399 dispensationem
1643 1315 1768 1380 cellarii
1791 1316 1972 1401 deputatus,

350 1415 384 1479 in
412 1415 482 1500 ipso
510 1417 612 1501 primo
640 1417 744 1500 gradu
774 1417 863 1482 dedit
891 1415 1045 1482 indicium
1076 1434 1111 1481 se
1141 1416 1184 1481 ad
1213 1417 1425 1499 gubernanda
1454 1417 1593 1501 plurima
1615 1418 1826 1485 distribuente
1849 1420 1977 1486 domino

351 1519 533 1603 pontificem
563 1540 637 1586 mox
666 1520 817 1585 futurum.
869 1521 932 1604 (11)
958 1520 1057 1585 Cuius
1080 1519 1265 1585 materiam
1289 1538 1441 1586 converso
1462 1518 1622 1586 infantulo
1646 1521 1721 1586 dum
1743 1523 1884 1588 tunicam
1906 1523 2027 1589 vel-10

351 1622 397 1688 let
423 1622 544 1705 iacere,
578 1624 714 1690 orditam
744 1624 842 1689 telam
872 1643 950 1688 casu
979 1643 1076 1709 super
1104 1630 1222 1689 tectum
1252 1623 1404 1708 inposuit.
1452 1621 1543 1700 Quae
1573 1624 1725 1709 subrepta
1746 1626 1788 1691 ab
1811 1646 1872 1692 ave
1894 1646 1977 1710 quae

351 1725 469 1793 dicitur
496 1728 613 1793 milvus
642 1735 674 1794 et
695 1727 739 1793 ad
760 1727 871 1793 nidum
895 1746 988 1792 suum
1011 1728 1167 1812 perducta
1188 1733 1263 1813 post
1284 1728 1413 1811 expleta
1434 1727 1510 1791 anni
1533 1727 1628 1793 unius
1651 1728 1757 1812 spatia
1779 1736 1907 1814 reperta
1929 1735 1979 1795 est

350 1828 551 1917 incorrupta,
585 1831 632 1896 ita
659 1839 694 1896 ut
723 1831 793 1896 eius
823 1838 948 1896 stamen
977 1851 1037 1897 nec
1064 1831 1215 1897 hiemalis
1243 1831 1345 1896 imber
1371 1851 1475 1915 neque
1498 1829 1604 1897 fervor
1626 1833 1769 1899 aestivus
1792 1833 1846 1898 iilo
1868 1840 1978 1919 putre-

350 1941 460 2001 scente
483 1935 631 2016 solverct,
658 1934 717 2001 sed
739 1935 865 2018 integra
886 1935 1036 2019 perstitit,
1062 1955 1101 2001 ac
1124 1935 1152 2001 si
1173 1942 1250 2002 tunc
1271 1934 1342 2001 iuso
1365 1941 1533 2018 torquente
1558 1935 1600 2001 de
1623 1956 1720 2001 manu
1736 1935 1879 2022 pendula
1894 1937 1978 2001 laui-

350 2036 432 2105 ticae
455 2038 677 2124 processisset.
1998 2061 2030 2103 1⁵

283 2141 329 2208 IV
442 2142 504 2228 (12)
531 2142 656 2207 Dehinc
684 2141 727 2207 ad
749 2140 901 2207 maiorem
924 2140 1075 2208 virtutem
1097 2161 1132 2208 se
1155 2140 1416 2209 adolescentibus
1439 2140 1546 2209 adhuc
1568 2142 1660 2208 annis
1683 2143 1875 2225 extendens,
1911 2151 1977 2209 ter-

350 2244 470 2311 minum
493 2245 625 2331 puerilis
647 2244 766 2311 aetatis
786 2245 988 2328 consulens,
1021 2246 1153 2312 consilio
1176 2245 1256 2311 inito
1279 2265 1350 2311 cum
1373 2244 1557 2312 Scubilione
1581 2246 1726 2313 eiusdem
1749 2248 1887 2313 cellulae
1909 2267 1977 2313 mo-

351 2348 473 2432 nacho,
506 2354 636 2434 propter
663 2369 804 2415 amorem
826 2349 947 2416 Christi
974 2348 1095 2415 relictis
1124 2349 1328 2436 parentibus,
1365 2349 1630 2415 inconstantiae
1660 2371 1745 2435 pago
1774 2370 1809 2416 se
1840 2351 1978 2417 libenter

352 2453 519 2536 elegerunt
541 2452 609 2518 fieri
633 2452 818 2538 peregrinos
841 2451 911 2537 pari
933 2453 1158 2537 contubernio,
1191 2453 1293 2518 solum
1317 2451 1523 2538 deportantes
1545 2453 1745 2538 psalterium.
1799 2454 1859 2537 (13)
1887 2455 1978 2520 Tunc

350 2563 482 2623 sanctus
504 2555 645 2623 Scubilio
668 2556 745 2622 licet
767 2562 852 2622 esset
875 2555 997 2638 senior,
1030 2555 1146 2622 videns
1167 2556 1298 2622 beatum
1321 2556 1494 2623 Paternum
1517 2556 1640 2622 meritis
1662 2556 1899 2638 honorandum,
1933 2556 1976 2622 ad
1996 2579 2028 2621 20

351 2659 481 2726 fratrem
512 2659 574 2726 sibi
604 2660 847 2744 coaequandum
875 2680 968 2725 sruum
1000 2658 1112 2726 divisit
1140 2660 1286 2746 pallium.
1352 2661 1414 2744 (14)
1441 2659 1504 2738 Qui
1534 2660 1610 2725 dum
1640 2661 1675 2726 in
1702 2661 1841 2745 quadam
1870 2660 1978 2725 insula

350 2771 482 2849 propter
503 2763 707 2831 solitudinem
730 2764 952 2830 desiderarent
973 2763 1138 2844 accedere,
1165 2763 1215 2829 vir
1236 2763 1368 2846 quidam
1392 2764 1519 2830 nomine
1535 2763 1696 2829 Amabilis
1718 2764 1779 2831 deo
1798 2765 1974 2846 timoratus,

352 2866 455 2934 donec
483 2867 523 2933 dc
551 2867 635 2953 ipsis
663 2867 788 2933 civibus
817 2868 996 2950 nuntiaret,
1031 2866 1170 2933 detinuit
1198 2866 1326 2949 dicens,
1361 2873 1396 2932 ut
1421 2866 1454 2931 in
1477 2866 1553 2933 iano
1576 2867 1725 2935 Sesciaco
1749 2888 1784 2934 se
1807 2869 1979 2952 dignanter

350 2971 561 3037 reconderent
589 2991 628 3036 ac
657 2990 718 3037 sua
745 2971 974 3037 intercessione
1003 2969 1165 3037 diabolica
1192 2972 1318 3037 cultura
1347 2990 1430 3053 quae
1459 2970 1573 3055 gentili
1602 2972 1661 3038 sub
1684 2992 1790 3038 errore
1812 2974 1898 3038 male
1920 2992 1978 3040 ve-

350 3081 481 3141 neratur
501 3081 653 3141 cessaret.
1998 3098 2030 3139 aa

302 3181 331 3248 V
443 3181 504 3263 (15)
531 3181 624 3245 Tunc
651 3179 737 3245 circa
764 3179 869 3245 sinum
898 3178 1016 3247 montis
1045 3178 1079 3244 in
1108 3178 1310 3264 receptaculo
1333 3197 1489 3244 cavernae
1511 3196 1583 3243 cum
1607 3196 1664 3245 suo
1687 3179 1906 3246 contubernali
1926 3180 1978 3244 vir

351 3281 508 3348 heremita
530 3281 696 3366 ingressus
718 3290 778 3350 est.
831 3285 892 3368 (16(
919 3283 971 3349 Ad
993 3282 1079 3366 quod
1101 3282 1212 3348 lanum
1235 3283 1373 3368 populus
1397 3281 1473 3348 dum
1497 3302 1538 3346 ex
1560 3283 1792 3349 consuetudine
1812 3303 1870 3369 per
1885 3301 1978 3349 sacra
2026 3355 2030 3358 ,

352 3386 547 3452 execrabilia
577 3387 805 3470 debaccharet,
842 3386 1025 3454 admonitus
1055 3392 1105 3453 est
1134 3386 1297 3452 asancfis
1320 3385 1416 3469 viris,
1449 3405 1491 3451 ne
1513 3406 1598 3452 vana
1619 3385 1753 3452 colende
1776 3405 1811 3452 se
1835 3386 1979 3453 crederet

351 3489 488 3572 salvari,
522 3490 577 3574 qui
605 3491 725 3557 salvari
755 3497 881 3575 poterat
903 3490 932 3556 si
958 3510 1023 3555 non
1044 3489 1189 3556 incitaret
1211 3488 1245 3554 in
1267 3488 1385 3554 iniuria
1407 3496 1598 3572 creatorem,
1633 3490 1691 3556 sed
1713 3489 1829 3555 iustius
1851 3496 1973 3574 ageret,

351 3592 380 3659 si
402 3593 558 3660 conditori
579 3614 638 3660 suo
659 3593 854 3662 vivificatum
877 3594 1003 3679 plasma
1026 3594 1170 3659 serviret.
1211 3593 1303 3671 Quae
1325 3592 1418 3678 plebs
1440 3592 1633 3659 reverendos
1656 3592 1741 3659 viros
1759 3592 1977 3660 inreverenter
1996 3617 2027 3658 so

350 3695 550 3782 despiciens,
583 3698 678 3764 ritum
707 3719 801 3783 quem
830 3698 971 3783 pessime
1002 3704 1152 3783 coeperat
1180 3695 1386 3781 pertinaciter
1412 3696 1593 3762 exercebat.
1645 3698 1707 3780 (17)
1734 3699 1826 3762 Tunc
1848 3704 1978 3763 sanetus

349 3820 423 3867 cum
452 3803 577 3886 collega
604 3823 663 3869 suo
693 3811 758 3869 tam
788 3801 912 3869 fervore
942 3801 1018 3867 fidei
1046 3822 1143 3885 quam
1171 3799 1290 3866 vexillo
1320 3799 1424 3866 crucis
1452 3799 1567 3867 armati
1596 3800 1787 3866 accedentes
1820 3799 1863 3866 ad
1896 3820 1978 3867 vasa

349 3903 405 3970 ubi
434 3904 650 3989 pulmentaria
679 3904 917 3989 decoquebant,
950 3904 1081 3988 singula
1110 3904 1178 3970 suis
1207 3902 1333 3970 baculis
1365 3909 1563 3971 everterunt:
1598 3910 1709 3989 potum
1735 3923 1812 3970 vero
1842 3925 1900 3989 per
1920 3924 1978 3970 cu-

349 4008 455 4092 pellas
484 4009 673 4093 dispositum
703 4008 852 4075 deorsum
880 4009 1021 4075 evellere
1051 4009 1234 4090 voluerunt,
1267 4013 1498 4093 postponentes
1529 4027 1623 4074 suum
1652 4007 1849 4093 periculum,
1883 4007 1977 4073 dorn-

349 4111 444 4177 morlo
474 4110 572 4178 fortes
600 4111 720 4178 milites
749 4119 932 4198 pugnarent
960 4132 1018 4199 pro
1041 4111 1169 4178 Christo
1192 4111 1414 4178 desiderantes
1437 4111 1643 4196 martyrium,
1675 4112 1703 4178 si
1726 4112 1859 4178 devotus
1882 4110 1976 4176 ierire
1997 4136 2027 4176 aa

350 4235 415 4281 non
443 4215 684 4282 reformidasset
713 4203 891 4301 percussor.
939 4216 1004 4283 Sed
1033 4216 1139 4300 magis
1160 4222 1239 4282 nutu
1263 4215 1372 4282 divino
1393 4214 1458 4300 ipsi
1481 4215 1516 4280 in
1537 4214 1650 4281 timore
1673 4221 1747 4282 sunt
1768 4215 1887 4297 habiti,
1922 4215 1978 4297 qui

349 4325 521 4405 potuerunt
541 4319 705 4385 trucidari.

284 4427 329 4491 Vl
442 4424 502 4507 (18)
530 4425 622 4490 Tunc
648 4424 883 4491 revertentibus
912 4424 1008 4510 ipsis,
1041 4424 1085 4491 ad
1114 4444 1224 4491 eorum
1251 4421 1404 4489 iniuriam
1434 4421 1595 4505 quaedam
1625 4422 1741 4488 mulier
1768 4423 1913 4489 vestibus
1941 4441 1977 4489 se

351 4525 510 4610 denudat,
543 4547 626 4611 quae
654 4548 728 4592 mox
753 4528 797 4594 ad
818 4528 992 4595 vindictam
1014 4528 1168 4595 iustorum
1190 4527 1265 4593 totis
1286 4525 1438 4593 membris
1460 4527 1569 4592 morbo
1592 4546 1746 4611 percussa
1768 4526 1973 4593 contrabitur.

357 4633 418 4716 (19)
444 4630 527 4696 Hine
557 4652 616 4717 per
644 4631 721 4696 anni
751 4633 889 4718 spatium
913 4633 1022 4716 vigore
1046 4633 1231 4698 tabescente
1254 4637 1418 4715 torquetur
1440 4650 1478 4695 ac
1500 4629 1608 4696 nervis
1630 4630 1872 4714 aegrotantibus
1902 4650 1976 4697 cae-
1997 4654 2029 4695 so

351 4733 447 4801 dente
470 4735 578 4800 ulcere
600 4733 799 4820 flagellatur,
826 4736 928 4802 donec
950 4736 1046 4802 venia
1068 4736 1187 4821 petita,
1214 4733 1294 4821 ipsis
1317 4734 1540 4815 exorantibus,
1573 4732 1660 4799 unde
1683 4732 1824 4801 vindicta
1846 4741 1978 4799 venerat

349 4837 426 4904 inde
449 4845 591 4905 curreret
611 4838 781 4905 medicina.

269 4943 330 5011 VII
441 4942 503 5028 (20)
530 4940 678 5019 Quadam
709 4944 778 5009 vice
808 4964 879 5009 cum
908 4944 956 5009 eis
986 4950 1108 5010 tanturn
1138 4942 1291 5009 dimidius
1313 4943 1407 5029 panis
1429 4941 1473 5007 ad
1495 4941 1702 5009 refectionem
1725 4941 1903 5026 legitimam
1926 4962 1978 5009 re-

352 5152 586 5162 ——..—...—--...
607 5156 613 5161 .
641 5156 678 5161 ...

439 5291 451 5342 1
471 5293 588 5353 indigent
603 5318 639 5331 -·-
656 5293 787 5341 excellunt
805 5291 904 5345 Mum
1008 5290 1140 5361 iaudltu]
1159 5309 1222 5358 quae
1240 5294 1272 5342 ad
1290 5298 1400 5344 nostram
1417 5292 1533 5342 notitiam
1551 5293 1646 5356 perlata
1664 5297 1725 5342 sunt
1743 5291 1774 5340 de
1791 5296 1867 5354 gestis
1880 5298 1906 5340 et
1918 5306 1978 5342 con·

350 5381 492 5429 uenatione
509 5381 578 5430 beati
595 5381 719 5429 antistitis
737 5381 836 5443 paterni
854 5381 885 5428 ad
903 5381 1041 5443 proiectum
1059 5383 1218 5430 audientium
1235 5387 1374 5444 utcumque
1393 5379 1520 5428 denudare
1538 5379 1673 5441 satagimus
1687 5379 1745 5428 cdd.
1765 5378 1786 5426 Y
1887 5379 1901 5428 7
1921 5381 1978 5429 cni-

349 5467 469 5516 xloncnsi
486 5466 577 5516 durias
697 5465 713 5516 8
731 5463 773 5533 ab]
792 5481 840 5518 om.
862 5467 885 5514 P
1007 5466 1036 5517 11
1057 5464 1165 5536 tectum]
1183 5469 1284 5517 domum
1304 5468 1326 5516 Ζ
1445 5465 1475 5517 11
1496 5462 1597 5532 diuisit]
1615 5466 1638 5513 Ρ
1654 5479 1710 5515 cum
1728 5466 1803 5515 dario
1822 5472 1844 5515 ct
1863 5465 1929 5516 lici.
1952 5471 1975 5528 1,

350 5553 448 5603 dimisit
466 5551 532 5604 Mat.
555 5555 612 5602 iat
630 5554 695 5604 Bell.
814 5551 847 5602 2³
865 5549 988 5621 detinuit]
1006 5568 1048 5604 eos
1066 5555 1126 5606 odd.
1146 5555 1251 5604 Mum
1366 5556 1488 5604 saraciaco
1507 5552 1574 5602 Pot
1594 5550 1665 5612 infra
1781 5551 1814 5602 24
1832 5549 1978 5619 ueneratur]

351 5637 388 5699 cs.
408 5655 483 5689 earm.
505 5641 552 5700 11,
573 5643 615 5702 13,
636 5644 665 5689 11
796 5639 827 5689 21
847 5641 878 5689 sd
896 5641 964 5704 qnod
980 5666 1015 5676 -
1030 5657 1057 5703 p.
1078 5641 1121 5703 35,
1144 5641 1175 5691 16
1193 5643 1224 5691 de
1242 5642 1325 5704 lapide
1342 5655 1390 5691 om.
1413 5640 1480 5691 Mula.
1500 5644 1513 5689 1
1644 5637 1675 5686 37
1696 5634 1845 5705 potuerunt]
1863 5646 1979 5702 poterant

353 5726 418 5777 Mat.
442 5728 458 5774 9
562 5726 596 5777 42
614 5733 712 5776 curaret
730 5726 759 5788 P,
780 5725 815 5787 es.
835 5726 907 5787 insm
923 5743 949 5789 p.
971 5733 1012 5791 sl,
1034 5729 1052 5778 1.
1075 5733 1105 5780 10
