4374 6186
916 398 1119 454 APPENDIX.

543 588 632 652 nulla
655 598 839 655 recusarent
860 589 972 673 digiti,
998 596 1158 673 puteoque
1182 588 1340 672 profundo

629 712 710 774 quac
735 712 849 757 manus
872 693 932 757 hoc
954 692 1081 776 scripsit
1103 699 1249 777 prompta
1271 692 1393 757 levaret
1414 710 1530 773 aquam

543 795 742 878 protraheret
765 796 844 861 vites
867 802 900 861 et
923 796 1051 860 surcula
1073 795 1186 878 figeret
1209 795 1327 874 hortis,

629 898 806 981 plantaret,
833 899 952 963 coleret
973 898 1067 963 dulce
1090 898 1227 962 libenter
1249 898 1356 962 holus.

543 999 694 1083 splendor
717 1007 785 1065 erat
807 1008 910 1065 tecum
934 1021 1006 1065 mea
1028 1001 1171 1065 membra
1193 1000 1306 1065 ardore
1329 1001 1464 1082 coquina

629 1109 661 1167 et
682 1103 776 1184 nigra
798 1102 839 1168 de
861 1123 940 1187 puro
963 1123 1044 1167 vasa
1065 1103 1176 1167 lavare
1199 1103 1283 1168 lacu.

479 1230 490 1264 .·.
544 1204 616 1268 hinc
638 1205 696 1270 tibi
719 1226 803 1270 nunc
824 1205 943 1270 absens
966 1206 1111 1271 Marcelli
1134 1226 1266 1271 munera
1288 1206 1377 1285 misi,

630 1308 681 1373 cui
703 1307 793 1373 dedit
815 1309 977 1374 excelsum
1000 1309 1067 1374 vita
1088 1309 1184 1375 beata
1206 1309 1330 1389 locum,

544 1417 576 1476 ct
598 1412 625 1475 si
649 1411 843 1495 displiceant
864 1411 995 1495 indigno
1017 1412 1117 1476 verba
1139 1412 1260 1492 relatu,

631 1514 841 1598 conplaoeant
863 1515 970 1579 animo
993 1515 1086 1597 signa
1109 1534 1248 1599 superna
1270 1522 1334 1581 tuo.

545 1617 591 1680 sis
613 1617 772 1699 longaeva
795 1617 872 1682 mihi
895 1639 967 1683 curn
990 1625 1067 1682 nata
1089 1624 1121 1683 et
1143 1637 1247 1683 messe
1270 1637 1428 1682 sororum.

631 1720 836 1804 virgineoque
859 1721 954 1785 choro
977 1727 1099 1785 crescat
1121 1721 1205 1785 ovile
1229 1720 1291 1786 dei.

545 1824 573 1886 si
596 1831 651 1887 tna
672 1825 770 1888 verba
794 1824 903 1903 dares,
931 1831 1040 1888 essent
1061 1823 1134 1907 plus
1157 1824 1264 1888 dulcia
1286 1845 1381 1908 quam
1405 1824 1432 1888 si

630 1925 759 1990 floribus
782 1927 894 1991 electis
917 1926 1014 1991 mella
1037 1926 1181 1991 dedisset
1202 1946 1292 2010 apes.

968 2218 1081 2282 XXIII

916 2358 1007 2431 Item
1034 2357 1131 2430 aliud

546 2527 692 2591 Flumine
714 2533 863 2591 nectareo
886 2524 1008 2591 meritis
1030 2526 1107 2591 mihi
1130 2525 1255 2591 dulcior
1276 2528 1404 2609 Agnes,

631 2650 725 2712 quam
749 2636 916 2713 praesente
939 2628 999 2694 deo
1022 2636 1167 2713 pectore,
1194 2636 1298 2695 mente
1322 2629 1408 2710 colo,

545 2732 654 2816 aspice
677 2752 771 2815 quarn
795 2732 892 2797 celeri
915 2738 1077 2797 mutantur
1099 2739 1213 2797 cuncta
1235 2739 1358 2813 rotatu,

632 2835 706 2899 dum
730 2834 829 2900 veluti
851 2834 959 2919 pinnis
981 2841 1127 2919 tempora
1148 2843 1257 2902 nostra
1278 2835 1399 2901 volant.

479 2962 491 2997 ε,
545 2938 673 3003 casibus
694 2937 824 3003 incertis
847 2937 1003 3022 scripulos
1026 2938 1188 3004 nescimus
1211 2947 1243 3004 et
1264 2939 1377 3016 horas3

630 3061 701 3105 cras
724 3040 767 3106 sit
788 3039 882 3105 homo
904 3060 945 3104 an
967 3060 1031 3105 non
1053 3041 1095 3106 sit
1117 3041 1188 3124 quis
1211 3040 1301 3106 dabit
1322 3041 1397 3106 inde
1421 3041 1540 3106 fidemr

544 3144 666 3209 arboris
689 3143 846 3228 oppressit
868 3142 963 3208 hodie
987 3143 1041 3207 uix
1064 3145 1131 3210 alta
1154 3164 1307 3209 cacumen

631 3245 774 3329 duraque
797 3265 955 3310 ramorum
977 3246 1110 3311 brachia
1133 3253 1243 3311 curvat
1263 3246 1388 3313 hiems:

545 3349 684 3413 crastina
706 3348 786 3413 forte
810 3348 880 3413 dies
903 3368 983 3432 puro
1007 3349 1035 3412 si
1058 3348 1184 3414 fulserit
1206 3356 1294 3432 ortu,

631 3451 658 3515 si
680 3471 745 3532 qua
766 3451 881 3536 pruina
903 3451 1000 3529 iacet,
1032 3452 1098 3516 sole
1122 3453 1246 3517 calente
1269 3453 1379 3536 liquet.

545 3554 591 3617 sic
613 3574 738 3636 quoque
761 3574 851 3618 mens
874 3553 1036 3618 hominum
1060 3554 1157 3618 dubio
1180 3554 1221 3619 de
1244 3554 1307 3620 fine
1330 3556 1444 3621 salutis

630 3656 756 3739 ignorat
778 3664 930 3739 quantum
953 3657 1062 3721 vivere
1087 3657 1153 3721 vita
1175 3665 1283 3740 queat.

545 3758 602 3824 sed
624 3759 773 3842 quoniam
796 3760 885 3823 vario
907 3767 1127 3824 transcurrunt
1149 3760 1257 3824 omnia
1280 3762 1391 3845 lapsu,

631 3882 725 3944 quern
747 3882 920 3945 numquam
942 3861 1061 3947 perdas
1084 3861 1184 3946 dilige
1207 3862 1301 3929 corde
1326 3881 1446 3946 sagax:
1488 3925 1496 3943 ,

480 3991 492 4027 ε,
546 3965 588 4029 sit
609 3964 668 4030 tibi
690 3963 836 4031 Christus
858 3963 975 4047 honor,
1002 3964 1147 4031 Christus
1170 3985 1263 4050 spes,
1289 3965 1436 4032 Christus
1459 3975 1596 4047 amator„

631 4067 666 4131 in
688 4067 757 4132 solo
780 4087 907 4152 semper
928 4067 991 4150 fige
1015 4068 1129 4133 salutis
1153 4089 1264 4154 opem;

545 4171 740 4256 temporibus
762 4171 884 4237 cunctis
907 4171 991 4236 hunc
1014 4191 1071 4256 per
1092 4176 1147 4237 tua
1168 4173 1295 4239 viscera
1316 4173 1428 4238 volve:

632 4275 678 4340 sic
701 4294 818 4359 sponso
841 4282 970 4340 servent
991 4275 1135 4340 membra
1157 4274 1277 4360 pudica
1298 4274 1407 4341 fidem.

546 4378 574 4441 si
597 4397 692 4462 sopor
714 4377 866 4461 obripiat,
893 4378 1058 4444 retinendo
1080 4377 1114 4442 in
1137 4385 1265 4463 pectore
1289 4378 1449 4445 Christum

631 4488 773 4565 tempore
796 4480 856 4545 sub
878 4480 981 4547 noctis
1004 4480 1133 4546 luminis
1156 4502 1247 4546 arma
1267 4481 1370 4565 geris:

546 4584 637 4648 illum
660 4591 766 4649 mente
790 4584 899 4649 colens
921 4603 1010 4649 muro
1033 4585 1146 4650 tutaris
1168 4584 1274 4669 opirno

633 4695 665 4753 et
687 4688 714 4751 si
737 4688 817 4751 latro
840 4687 933 4770 furit,
959 4708 1024 4772 pax
1046 4694 1101 4753 tua
1123 4688 1219 4753 corda
1241 4688 1331 4771 tegit.

548 4790 643 4854 buius
664 4791 698 4854 in
721 4790 871 4873 amplexu
894 4796 925 4855 te
947 4797 1046 4855 totam
1069 4790 1198 4856 effunde
1221 4790 1370 4856 licenter:

576 4932 577 4935 =
633 4894 726 4957 illum
748 4893 894 4975 quisquis
916 4892 1015 4959 habet
1037 4893 1171 4960 crimina
1193 4894 1284 4959 nulla
1304 4893 1405 4959 timet.

464 5021 494 5060 aa
548 4997 607 5061 hoc
629 5017 691 5079 age
714 5003 765 5078 ut,
791 4996 834 5061 ad
856 4997 1018 5063 thalamos
1040 5017 1112 5063 cum
1134 4997 1260 5063 venerit
1281 4996 1402 5064 arbiter
1423 4996 1523 5079 orbis,

634 5099 810 5166 visceribus
832 5101 920 5186 puris
942 5101 1139 5167 inmaculata
1159 5100 1275 5180 mices;

286 5349 317 5397 lo
335 5355 433 5412 promtu
574 5346 605 5396 11·
623 5345 718 5394 sarcula
859 5342 889 5392 13
908 5344 994 5393 ardere
1013 5342 1131 5411 coquina]
1149 5346 1246 5395 trudere
1264 5347 1370 5408 cosinae,
1392 5344 1427 5405 es.
1452 5346 1494 5409 Vl,
1515 5348 1541 5409 8,
1561 5349 1576 5394 9
1712 5345 1741 5393 ll
1760 5348 1837 5396 uerba

214 5432 367 5502 Gueurrdus]
385 5438 462 5484 uerbo
566 5432 598 5482 20
617 5432 688 5480 choro
707 5426 861 5496 duorardus]
881 5430 950 5479 thoro
1054 5427 1159 5497 crescat]
1176 5437 1261 5494 restat,
1283 5431 1319 5492 es.
1338 5432 1364 5494 V,
1385 5436 1410 5494 9,
1430 5434 1465 5481 65

284 5521 371 5569 Xlllll
445 5519 469 5567 Σ
485 5521 506 5581 s.
522 5517 567 5568 56⁰
655 5518 765 5579 hpolur't
778 5518 902 5564 nescimus
915 5518 1021 5579 scripula
1034 5524 1060 5566 et
1072 5518 1153 5580 horus,
1173 5517 1208 5578 es.
1223 5518 1275 5580 111,
1292 5522 1316 5581 9,
1332 5520 1365 5566 49
1446 5517 1539 5577 dfert.
1555 5517 1622 5565 unde
1703 5517 1836 5579 tihlepms

216 5606 247 5657 lh
265 5609 345 5670 liquet
367 5602 517 5672 duorardus]
534 5606 616 5668 llquld
740 5602 770 5650 19
789 5603 897 5664 obrlplat
911 5616 957 5663 pro
974 5605 1075 5664 obrepat
1093 5605 1128 5665 cs.
1150 5604 1179 5665 Χ,
1201 5605 1225 5666 9,
1249 5609 1279 5662 1;
1304 5603 1330 5653 V.
1353 5602 1387 5652 Μ.
1412 5603 1456 5666 W,
1479 5607 1494 5650 h
1616 5603 1648 5651 25
1666 5603 1696 5651 ud
1715 5604 1836 5652 thalamos

217 5690 370 5757 Grmrrrdru]
387 5693 451 5741 adse
470 5693 508 5740 alu
526 5706 578 5740 mos
683 5688 715 5739 26
734 5689 870 5737 inmaculat
887 5690 978 5739 amices
