4374 6186
269 390 333 450 102
573 381 769 442 opvschA
788 385 981 442 VENANTIO
999 385 1230 444 FORTVNATO
1249 384 1352 442 MALE
1370 387 1594 444 ATTRIBVTA

266 574 388 657 ingenii
416 574 649 640 restauratione
680 575 892 642 commendat.
952 576 992 659 (3)
1018 577 1089 642 Hae
1119 597 1195 660 ergo
1224 576 1478 643 consideratione
1508 577 1679 643 audaciam
1714 577 1854 642 nimiae
1880 585 1935 642 te-

266 679 423 745 meritatis
461 678 652 758 adsumens,
693 700 777 762 quae
807 680 903 762 longo
932 680 1084 763 temporis
1115 679 1243 746 fuerant
1270 681 1460 746 obumbrata
1491 680 1619 747 silentio
1649 681 1766 767 ipsius
1799 681 1937 746 divini-

267 782 343 847 tatis
366 781 488 847 auxilio
511 788 662 867 suscepta
685 788 759 847 sunt
782 782 967 847 reseranda.
1011 783 1052 847 Et
1075 790 1111 848 ut
1133 783 1230 848 habet
1252 783 1468 849 testimonium
1491 784 1637 850 veritatis
1660 785 1743 869 plus
1769 783 1935 849 fidelium

267 894 341 952 sunt
369 886 524 952 relatione
555 891 736 970 comperta,
769 905 865 967 quam
893 886 1066 970 probentur
1095 885 1137 951 ad
1160 905 1217 951 nos
1242 885 1378 952 lectione
1400 887 1601 952 transmissa.
1654 891 1695 972 (1)
1729 887 1838 953 Vnde
1864 905 1935 951 non

269 990 339 1056 sine
362 996 449 1056 certa
471 989 696 1055 aestimatione
719 988 883 1070 conicitur,
910 989 997 1072 quod
1020 989 1146 1054 novitas
1169 989 1276 1054 adhue
1299 989 1496 1055 credentium
1519 980 1711 1074 populorum
1738 990 1933 1074 gentilium
1957 1010 1970 1050 s

267 1092 457 1158 crudelitate
480 1091 653 1157 conterrita
675 1092 861 1157 formidavit
884 1092 1038 1171 scribere,
1067 1090 1153 1173 quod
1176 1098 1282 1156 tamen
1306 1092 1469 1174 gaudebat
1492 1093 1544 1158 dei
1567 1092 1710 1159 famulos
1737 1093 1930 1173 meruisse,

267 1216 338 1260 curn
369 1195 439 1261 sine
471 1195 568 1260 dubio
591 1194 773 1260 iudicentur
795 1194 914 1277 scripta
936 1214 1020 1277 quae
1043 1194 1186 1259 fidelium
1211 1214 1315 1259 sermo
1337 1201 1473 1260 testatur
1494 1195 1637 1280 impleta.
1689 1197 1735 1279 (5)
1766 1196 1933 1262 Creden-

267 1299 342 1363 dum
373 1298 458 1363 enim
488 1296 529 1362 de
559 1296 611 1361 his
641 1305 690 1362 111
720 1303 752 1362 11
779 1298 926 1362 abstersa
955 1297 1129 1362 dubietatis
1159 1297 1245 1363 nube
1274 1297 1350 1363 totis
1379 1298 1500 1363 viribus
1531 1298 1754 1364 confitendum
1779 1301 1934 1384 eosqui

266 1423 322 1487 pro
354 1400 557 1467 confessione
585 1399 707 1465 domini
737 1420 776 1465 ac
804 1400 857 1465 dei
887 1400 985 1464 nostri
1017 1399 1108 1483 digni
1131 1399 1260 1464 fuerunt
1283 1400 1391 1466 subire
1413 1400 1600 1485 martyrium
1623 1402 1724 1467 etiam
1751 1403 1933 1488 ampliora

266 1505 404 1570 tolerare
427 1504 580 1584 valuisse,
611 1523 707 1586 quam
731 1502 860 1568 ridetur
882 1501 1129 1569 succedentibus
1152 1502 1313 1569 aetatibus
1337 1503 1450 1569 relatio
1472 1524 1532 1588 per
1553 1504 1688 1589 populos
1714 1508 1984 1574 transmissam

265 1609 421 1674 recolere.
473 1608 512 1690 (6)
540 1605 580 1670 Id
602 1625 678 1689 ergo
702 1606 895 1691 supplicatio
918 1606 1094 1672 communis
1117 1607 1277 1686 obteneat,
1308 1614 1343 1672 ut
1365 1607 1492 1671 veniam
1515 1614 1735 1690 consequatur
1758 1608 1927 1694 devotus,

266 1711 294 1775 si
325 1709 403 1792 quid
434 1708 475 1774 de
507 1709 677 1775 virtutibus
706 1709 922 1794 praetermisit
949 1710 1094 1793 ignarus.
1141 1709 1228 1775 Nam
1258 1709 1320 1775 etsi
1350 1709 1457 1774 omnia
1485 1729 1548 1775 non
1578 1730 1656 1776 ase
1678 1713 1925 1796 exsolvuntur,

266 1814 398 1880 eredere
421 1812 615 1878 universitas
638 1820 809 1893 mereatur,
836 1820 871 1877 ut
894 1812 946 1878 dei
969 1812 1112 1877 famulus
1134 1812 1198 1877 iam
1221 1813 1344 1878 maiora
1366 1813 1484 1878 sentiat
1506 1833 1601 1895 quarn
1618 1833 1725 1879 sermo
1743 1816 1930 1900 passionis

267 1917 432 2002 explanat.
497 1916 535 1999 (7)
569 1915 715 1992 Qualiter
744 1916 829 1981 enim
861 1917 963 1981 cultor
991 1916 1112 1981 domini
1143 1916 1232 1981 loeus
1262 1916 1332 1981 eius
1362 1915 1508 1999 gaudens
1538 1917 1755 2001 patrocinium
1790 1920 1931 1989 habere

267 2019 450 2105 promeruit,
477 2019 505 2084 si
528 2038 652 2102 quoque
675 2019 769 2085 modo
791 2019 926 2084 aliorum
950 2026 1133 2084 sanctorum
1156 2019 1299 2084 iunctum
1322 2019 1372 2084 illi
1394 2019 1620 2103 agnoverimus
1642 2020 1751 2087 fuisse
1775 2042 1984 2092 consor-1³

266 2123 347 2190 tium
369 2159 412 2171 —
434 2122 482 2188 sic
504 2121 648 2187 fidelium
671 2121 828 2187 relatione
859 2120 1030 2186 didicimus
1054 2158 1105 2201 —,
1132 2121 1275 2206 ipsorum
1298 2121 1461 2186 iuvamine
1484 2129 1658 2207 martyrum
1681 2132 1858 2205 qnantum
1885 2128 1930 2195 de

267 2247 301 2293 se
324 2227 407 2293 scire
430 2226 574 2291 tribuunt
596 2225 805 2309 explicemus.

213 2328 245 2392 11
358 2331 396 2412 (8)
424 2330 500 2394 Post
522 2327 643 2393 domini
665 2328 766 2393 nostri
788 2329 863 2393 Iesu
880 2327 999 2393 Christi
1022 2327 1223 2393 salutiferam
1247 2327 1441 2412 passionem,
1468 2335 1541 2411 post
1562 2330 1818 2397 resurrectionis
1845 2335 1929 2399 uni-

266 2455 325 2501 cae
348 2433 585 2517 singularisque
607 2431 805 2515 mysterium,
832 2437 905 2515 post
926 2431 1149 2496 ascensionem
1173 2430 1253 2510 eius,
1281 2451 1346 2513 qua
1367 2429 1587 2495 manifestavit
1609 2430 1800 2500 hominibus
1820 2457 1929 2502 num-

265 2557 361 2620 quam
396 2555 431 2602 11
465 2534 610 2601 (11111111
644 2556 707 2619 quo
738 2533 851 2614 rediit,
889 2534 1105 2618 apostolorum
1136 2532 1334 2618 praedicatio
1365 2533 1523 2598 universis
1553 2534 1703 2616 gentibus
1734 2538 1982 2619 profuturam

265 2640 431 2707 suecessit.
486 2640 524 2720 (9)
552 2638 615 2717 Qui
638 2658 710 2703 cum
733 2637 893 2702 inminere
916 2655 992 2701 suas
1016 2643 1184 2702 cernerent
1204 2636 1390 2721 passiones,
1417 2656 1500 2718 quae
1523 2634 1652 2702 domino
1674 2638 1753 2703 Iesu
1778 2641 1927 2710 Christo

266 2744 399 2809 docente
430 2741 610 2807 didicerant
639 2740 754 2826 repleti
777 2739 909 2822 spiritus
932 2739 1036 2804 saneti
1059 2739 1164 2822 gratia
1186 2738 1373 2821 docuerumt,
1403 2739 1486 2804 adeo
1508 2745 1544 2804 ut
1565 2738 1628 2804 fide
1649 2750 1827 2810 crescente
1854 2766 1926 2812 non

266 2847 361 2933 pauci
389 2852 588 2911 mererentur
617 2843 686 2908 fieri
719 2843 937 2920 confessores,
976 2861 1055 2924 quos
1086 2842 1289 2927 postmodum
1319 2841 1461 2907 ecclesia
1489 2842 1648 2907 catholica
1675 2845 1805 2925 gaudet
1841 2869 1926 2933 pro-

266 2949 423 3015 meruisse
446 2955 615 3031 martyres.
667 2948 728 3028 (10)
756 2946 825 3010 Hos
856 2965 934 3028 ergo
963 2964 1097 3027 quorum
1120 2945 1269 3010 virtutem
1291 2951 1532 3030 persecutorum
1554 2965 1619 3010 non
1641 2948 1837 3030 praevaluit
1863 2972 1925 3017 su·

266 3071 379 3136 perare
404 3049 580 3126 conflictus,
607 3068 686 3131 quos
709 3048 753 3113 ad
776 3047 846 3111 auri
869 3046 1112 3112 similitudinem
1135 3047 1275 3113 reddidit
1296 3047 1497 3112 flammarum
1520 3047 1716 3113 examinatio
1744 3053 1924 3135 pretiosos
1946 3076 1980 3118 11

268 3155 310 3219 ad
344 3151 551 3237 suscipienda
584 3150 739 3216 mandata
774 3149 894 3214 domini
922 3149 1054 3215 idoneos
1084 3150 1299 3235 apostolorum
1330 3168 1403 3215 esse
1433 3148 1587 3215 iudicavit
1616 3151 1748 3232 electio,
1787 3156 1923 3237 quibus

268 3255 459 3339 evangelica
490 3254 614 3320 semina
644 3252 796 3336 gentibus
819 3251 957 3317 serenda
980 3253 1201 3318 committeret.
1249 3252 1433 3334 Electisque
1457 3251 1534 3317 viris
1558 3253 1611 3319 dei
1634 3253 1860 3338 dispositione
1886 3269 1923 3326 et

267 3357 486 3444 providentia,
516 3357 630 3422 honori
656 3356 867 3422 decreverunt
894 3354 1116 3441 episcopatum
1139 3354 1334 3439 adiungere,
1361 3375 1424 3437 quo
1448 3356 1576 3423 facilius
1599 3377 1706 3422 eorum
1730 3360 1922 3442 praediea-

267 3462 410 3529 tionibus
441 3460 595 3543 adquisiti
625 3460 668 3526 ad
698 3458 910 3525 ministerium
934 3459 1017 3524 sacri
1040 3459 1292 3544 proveherentur
1310 3459 1435 3524 altaris.
1489 3461 1549 3542 (11)
1577 3459 1626 3523 Ex
1650 3480 1713 3543 qua
1735 3461 1920 3531 confesso—

267 3587 337 3631 rum
367 3565 461 3630 turba
493 3569 637 3629 sanetum
661 3569 692 3629 et
715 3562 892 3629 venerandi
914 3563 1020 3628 meriti
1044 3562 1250 3628 Saturninum
1273 3562 1409 3647 primum
1433 3580 1468 3627 11
1491 3563 1567 3628 urbs
1589 3563 1751 3628 Tolosana
1774 3586 1920 3649 prome·
1942 3593 1975 3633 au

267 3669 372 3735 ruisse
402 3667 526 3751 gaudet
555 3667 761 3751 episcopum,
797 3685 894 3749 quern
922 3665 1075 3748 impietas
1105 3664 1307 3750 peccantium
1339 3665 1528 3749 populorum
1558 3665 1788 3749 posterioribus
1823 3673 1918 3738 tauri

267 3770 377 3838 multis
411 3769 535 3836 funium
565 3769 703 3834 nexibus
734 3768 906 3851 inligatum
937 3767 1028 3834 dedit
1059 3767 1243 3852 capitolinis
1273 3766 1428 3849 gradibus
1458 3767 1673 3848 inlidcndum,
1712 3769 1769 3834 ubi
1799 3776 1918 3841 sancti

267 3875 382 3959 eapitis
412 3874 518 3940 soluta
548 3892 693 3957 conpage
725 3872 891 3938 cerebrum
914 3871 1092 3953 frequentis
1115 3869 1273 3935 inlisionis
1296 3870 1447 3955 dispersit
1468 3869 1600 3951 iniuria,
1636 3870 1694 3936 sed
1719 3873 1825 3938 talem
1860 3876 1918 3943 di-

267 3998 416 4044 scensum
440 3976 571 4042 meliore
594 3975 742 4041 vehiculo
766 3974 809 4040 ad
832 3974 994 4040 dominum
1018 3981 1068 4040 est
1093 3978 1221 4038 secutus
1243 3992 1407 4039 ascensus.
1449 3973 1541 4038 Felix
1556 3972 1637 4040 tanti
1653 3974 1758 4040 meriti
1773 3984 1918 4046 tantae·

266 4101 329 4163 que
359 4079 486 4146 virtutis
517 4097 671 4163 persona,
707 4077 758 4142 cui
789 4096 978 4143 concessum
1008 4084 1058 4143 111
1087 4076 1225 4160 primum
1255 4076 1417 4141 doctorem
1446 4094 1519 4141 esse
1548 4076 1595 4141 sie
1622 4084 1816 4161 martyrem,
1854 4085 1918 4166 qui
1941 4109 1977 4148 35

354 4372 455 4422 30-31
479 4373 533 4420 Vita
551 4374 578 4421 S.
594 4373 727 4420 Saturnini
746 4376 800 4422 11
821 4370 947 4433 (Ruinam,
970 4373 1033 4418 Acta
1052 4375 1126 4420 mort.
1147 4371 1184 4420 ed.
1200 4371 1259 4419 Rei.
1276 4386 1301 4432 p.
1318 4374 1393 4431 ¹⁷9i²
1421 4371 1546 4419 Postrema
1569 4372 1637 4419 enim
1655 4379 1726 4433 parta
1744 4372 1815 4421 funis
1836 4377 1917 4429 iilius

266 4474 330 4522 quae
355 4459 385 4507 ad
409 4459 547 4520 posteriora
570 4459 635 4506 tauri
660 4458 739 4518 ipsius
766 4458 893 4506 detinebat
916 4458 996 4506 sancti
1022 4459 1070 4506 viri
1096 4458 1172 4520 pedes
1191 4458 1297 4517 inligant
1316 4463 1451 4519 actumque
1470 4457 1580 4506 stimulis
1597 4458 1732 4506 acrioribus
1750 4462 1860 4511 taurum
1880 4465 1916 4514 de

266 4546 389 4607 superiori
413 4544 526 4607 capitolii
550 4548 621 4606 parte
645 4544 672 4591 in
695 4545 771 4605 plana
789 4545 963 4605 praecipitant.
1003 4544 1055 4593 Nec
1073 4556 1141 4592 mora
1158 4546 1225 4593 iuter
1242 4546 1334 4607 primos
1353 4543 1489 4593 descensus
1507 4544 1587 4604 ipsius
1606 4544 1697 4604 gradus
1715 4546 1797 4606 capite
1816 4549 1916 4602 colliso

266 4633 416 4694 cerebroque
441 4644 547 4679 excusso
572 4635 598 4678 et
622 4631 691 4677 omni
716 4632 882 4679 membrorum
906 4639 977 4692 parte
1001 4644 1101 4692 corpore
1126 4630 1246 4689 lacerato,
1275 4630 1377 4690 dignam
1402 4629 1448 4678 deo
1467 4630 1576 4678 animam
1596 4630 1712 4678 Christus
1729 4632 1852 4695 excepit,
1883 4643 1918 4686 ut

266 4732 342 4780 quam
359 4731 403 4779 pro
422 4718 524 4766 numine
542 4730 586 4766 suo
604 4717 714 4766 fideliter
733 4718 896 4766 dimicantem
915 4719 1050 4780 suppliciis
1068 4719 1136 4765 furor
1155 4716 1259 4776 gentilis
1278 4720 1418 4765 extorserat
1442 4716 1495 4764 suis
1519 4721 1576 4777 post
1600 4717 1729 4765 victoriam
1747 4716 1845 4767 laureis
1867 4736 1915 4772 11-

266 4809 372 4853 tonaret.

354 5080 365 5127 1
387 5082 539 5128 restatione?
558 5080 581 5126 P
726 5076 867 5146 audaciam]
885 5095 899 5128 a
917 5080 976 5128 odd.
993 5080 1016 5126 P
1162 5080 1230 5141 nimq
1249 5078 1286 5126 P¹
1435 5079 1449 5127 2
1469 5079 1542 5138 longo
1559 5079 1599 5126 uel
1617 5079 1690 5140 longe
1709 5077 1754 5139 1²¹,
1777 5079 1850 5140 longi
1872 5082 1915 5131 P²

267 5166 467 5215 5couiceturP
579 5166 799 5216 bformidabitl’
902 5167 1012 5214 famulus
1032 5167 1055 5214 P
1169 5164 1199 5213 13
1218 5166 1321 5213 famulis
1340 5165 1363 5212 P
1469 5164 1499 5213 14
1518 5164 1698 5228 patrocintoP
1805 5163 1837 5213 17
1860 5182 1915 5217 ex-

266 5249 399 5319 plicemus]
426 5253 532 5314 explicit
557 5253 672 5315 prefatio.
703 5254 795 5315 incipit
820 5250 1735 5315 (1111111111ῐί(111111111111111111111111111111111111111111111.
1757 5249 1816 5298 idus
1834 5239 1911 5318 0053

266 5338 324 5388 odd.
341 5338 368 5399 P,
390 5340 457 5401 expi.
479 5339 604 5401 prologus.
625 5340 717 5400 incipit
735 5343 820 5403 passio
838 5340 874 5390 sm
894 5338 997 5388 dionisii
1015 5339 1062 5388 mi.
1083 5338 1181 5396 oddo
1297 5336 1327 5385 iil
1346 5337 1462 5398 quamP
1574 5333 1759 5385 1411111111
1867 5355 1916 5390 ⁸0.

266 5440 352 5487 perare
371 5427 498 5475 conflictos
517 5425 556 5472 M¹
673 5425 706 5474 25
725 5427 789 5488 quod
810 5426 833 5473 P
947 5424 977 5474 27
998 5425 1174 5487 dispositionis
1192 5424 1350 5486 prouidentia
1370 5422 1400 5470 M
1501 5421 1645 5471 18111111
1665 5419 1709 5482 Pi,
1729 5421 1825 5470 honora
1849 5425 1913 5483 (bo.

266 5513 320 5559 nori
340 5508 392 5572 M2)
413 5511 582 5560 decreuerunt
600 5513 758 5575 episcopatus
780 5513 808 5560 Μ
813 5513 821 5549 ¹
926 5526 975 5573 que
994 5511 1030 5558 P¹
1139 5508 1398 5560 30111111111111ι
1502 5510 1600 5557 meritis
1620 5507 1651 5556 1³¹
1756 5508 1913 5562 tholosanat

268 5597 295 5644 M
302 5597 311 5632 ¹
416 5596 448 5645 32
467 5598 636 5646 inludendum
656 5597 691 5643 P¹
798 5598 830 5647 33
849 5599 959 5647 iniurias
980 5596 1008 5644 M
1112 5595 1145 5644 31
1163 5591 1205 5661 ad]
1222 5611 1286 5645 eras.
1303 5595 1331 5643 M
1434 5594 1912 5657 351111111111111111.)11111.

266 5685 299 5730 tis
321 5684 369 5742 (1111
387 5684 508 5730 inlitora
528 5686 582 5742 scr.)
607 5683 634 5730 M
740 5681 791 5749 cui]
810 5688 837 5731 111
856 5700 904 5745 mp.
926 5684 984 5734 odd.
1003 5683 1032 5730 M
1135 5678 1182 5748 sle]
1202 5680 1235 5743 M,
1258 5683 1380 5730 sanetiP
1484 5683 1528 5743 qui
1546 5677 1623 5746 quod]
1644 5679 1678 5740 M,
1700 5679 1821 5742 quicquid
1840 5681 1867 5728 P
