4374 6186
285 397 323 457 (6
749 392 750 395 ‘
886 362 1058 446 vannum
1076 389 1297 447 ronrvunrr

113 479 134 511 9

176 583 257 648 XXI
370 583 432 665 (61)
459 583 530 647 Nec
543 581 627 646 illud
643 587 693 645 est
707 580 975 665 praetereundum
991 579 1106 645 similis
1122 599 1240 645 causae
1254 580 1455 645 miraculum.
1495 580 1639 663 Reginae
1655 582 1913 648 Obrodosinthae

280 686 427 751 minister
448 685 541 749 Vlfus
563 685 690 749 nomine
712 690 790 768 typo
813 682 991 748 vexabatur
1012 683 1219 766 grauissime,
1248 702 1385 768 poscens
1408 684 1563 767 suffragia
1585 685 1745 750 medellae
1768 685 1915 770 perrexit

280 788 324 855 ad
354 787 548 873 pontificem.
595 788 697 866 Quem
728 787 777 851 vir
805 785 857 851 dei
887 792 1067 852 constanter
1098 785 1186 851 ducit
1207 785 1250 851 ad
1272 786 1511 870 baptisterium,
1546 787 1602 853 sed
1624 797 1775 855 exorante
1798 797 1913 855 saneto

280 892 385 976 coepit
412 890 524 974 adfligi
554 891 685 973 gravius
707 891 741 955 in
764 891 905 973 proximo
929 890 1127 955 liberandus.
1179 889 1239 973 (62)
1267 890 1413 956 Postulat
1433 892 1550 957 ardens
1574 900 1606 958 et
1628 899 1781 958 aestuans
1802 913 1912 976 aquae

279 995 439 1060 modicum
470 995 529 1061 sed
558 1001 704 1078 negatur.
752 994 814 1071 Qui
841 993 928 1058 fellis
959 992 1171 1058 amaritudine
1202 994 1373 1059 suscitatus
1404 995 1557 1061 acerrime
1586 996 1726 1062 balteum
1750 1016 1841 1062 suum
1864 995 1946 1060 ads

280 1099 382 1165 sancti
404 1098 543 1180 vestigia
565 1098 697 1183 proiecit
719 1098 880 1162 clamans:
906 1099 956 1161 Tu
979 1117 1030 1162 me
1055 1097 1183 1161 domine
1205 1096 1373 1177 interficis,
1401 1118 1473 1163 cum
1496 1119 1610 1165 sanare
1633 1100 1794 1166 debueris.
1842 1099 1912 1164 Sed

279 1202 339 1268 hoc
368 1202 426 1267 tibi
456 1210 565 1269 notum
588 1201 644 1282 sit,
680 1201 756 1283 quia
777 1221 835 1285 per
857 1208 888 1266 te
911 1201 1037 1265 morior.
1085 1200 1158 1265 Vita
1181 1221 1254 1265 mea
1275 1220 1295 1265 a
1318 1208 1350 1265 te
1373 1201 1434 1266 erit
1457 1202 1649 1284 requirenda
1671 1223 1691 1268 a
1713 1224 1790 1287 rege
1812 1205 1865 1271 vel
1890 1225 1912 1269 a

278 1306 474 1390 parentibus.
528 1307 588 1387 (63)
616 1304 779 1369 Interdum
811 1325 888 1388 prae
919 1306 1023 1369 calore
1054 1323 1110 1387 per
1142 1304 1322 1387 baptisterii
1345 1304 1564 1388 pavimentum
1588 1308 1764 1390 volutatur,
1797 1314 1912 1372 orante

278 1410 372 1476 beato
401 1409 470 1474 viro
497 1409 531 1474 iu
562 1428 676 1492 sopore
704 1409 899 1474 convertitur
929 1415 962 1473 et
990 1407 1224 1490 aliquantulum
1255 1414 1328 1491 post
1356 1426 1499 1473 somnum
1530 1409 1689 1476 excitatus
1717 1411 1757 1475 ab
1780 1411 1851 1495 ipso
1874 1411 1911 1474 in

278 1513 363 1578 omni
387 1512 602 1578 incolomitate
626 1511 798 1594 languidus
815 1512 1019 1577 reformatur.
1073 1513 1134 1594 (61)
1161 1511 1336 1593 Inquisitus
1352 1533 1372 1577 a
1386 1513 1544 1596 pontifice,
1572 1533 1628 1578 eur
1642 1522 1766 1579 tantum
1781 1515 1910 1579 locutus
1933 1536 1966 1576 ro

277 1616 320 1681 sit
340 1617 383 1680 ad
405 1615 555 1680 iniuriam
579 1614 765 1696 sacerdotis,
794 1615 958 1699 respondit
981 1615 1084 1679 solum
1108 1613 1137 1679 ei
1160 1616 1283 1697 gratias
1308 1615 1460 1697 66166666,
1488 1616 1567 1681 61611
1590 1638 1626 1682 66
1649 1618 1690 1683 66
1714 1618 1781 1683 6616
1800 1618 1910 1684 verbis

277 1719 446 1784 recordare
468 1718 635 1784 confessus
658 1725 718 1783 est.

157 1823 256 1888 XXII
369 1823 431 1905 (65)
457 1822 789 1888 Praecellentissimus
805 1821 1072 1888 Childebercthus
1095 1842 1151 1886 rex
1175 1843 1246 1887 curn
1267 1842 1383 1904 equum
1399 1823 1614 1888 necessarium
1631 1823 1673 1888 ad
1690 1825 1802 1889 sellam
1819 1824 1910 1890 beati

276 1926 337 1992 viri
366 1926 518 1991 donasset
547 1925 748 2007 vehiculum,
782 1932 875 2009 rogat
903 1925 973 2010 ipse
1003 1925 1056 2006 qui
1081 1924 1230 2005 dederat,
1264 1933 1299 1990 ut
1323 1945 1395 1990 eurn
1419 1926 1480 1990 sibi
1502 1927 1654 1992 retineret
1676 1949 1735 1993 nec
1758 1928 1909 2012 cuiquam

277 2030 440 2094 tribueret.
493 2029 556 2112 (66)
582 2028 715 2094 Interim
738 2030 852 2094 beatus
876 2029 924 2093 vir
946 2029 1129 2111 postulante
1153 2029 1280 2112 captivo
1304 2048 1422 2110 equum
1445 2027 1544 2095 donat
1566 2030 1598 2093 in
1622 2031 1733 2114 pretio,
1754 2032 1908 2113 quoniam
1932 2054 1967 2095 ra

276 2133 363 2218 apud
393 2132 572 2218 pontificem
603 2133 676 2216 plus
707 2130 767 2196 suit
798 2152 894 2214 quam
921 2131 980 2196 illa
1009 2131 1096 2214 regis
1127 2151 1189 2196 vox
1219 2132 1383 2215 pauperis.
1431 2132 1525 2197 lubet
1546 2132 1645 2217 igitur
1667 2142 1701 2198 ut
1722 2135 1907 2217 quindecim

276 2256 349 2303 eum
379 2236 580 2302 venundaret
608 2234 740 2299 solidis:
777 2255 872 2316 quem
902 2255 1026 2318 pauper
1056 2234 1125 2318 ipse
1156 2255 1227 2299 cum
1256 2234 1403 2315 duceret,
1437 2236 1615 2318 negotiator
1645 2239 1794 2319 occurrit,
1829 2239 1909 2304 emit

188 2370 191 2375 ·
277 2339 476 2425 praedictum
510 2359 626 2422 equum
661 2338 830 2404 duodecim
864 2338 981 2403 aurcis.
1034 2337 1103 2414 Quo
1137 2345 1243 2421 empto
1277 2338 1456 2421 negotiator
1489 2339 1621 2405 adducit
1653 2340 1694 2405 ad
1729 2342 1904 2407 stabulum.

282 2446 343 2527 (67)
372 2444 437 2509 Sed
459 2444 610 2527 quoniam
634 2443 739 2507 minus
763 2443 898 2509 dederat
920 2462 1014 2525 quam
1038 2441 1087 2506 vir
1110 2442 1162 2506 661
1185 2448 1411 2526 praeceperat,
1438 2463 1540 2523 equus
1563 2444 1622 2508 sub
1646 2452 1737 2509 nocte
1761 2446 1903 2528 moritur,

275 2567 316 2613 ne
353 2549 456 2614 sancti
490 2548 623 2612 verbum
653 2547 714 2612 iret
742 2547 776 2611 in
806 2566 945 2612 cassum.
999 2544 1091 2609 Vnde
1123 2545 1270 2626 sequenti
1300 2545 1352 2610 616
1381 2545 1531 2611 sellarem
1562 2546 1602 2611 de
1633 2548 1760 2613 stabulo
1788 2548 1906 2615 iunctis
1929 2570 1966 2614 ao

275 2651 380 2717 bubus
412 2651 585 2716 extinctum
615 2651 748 2716 66666616
775 2658 900 2733 emptor
931 2656 1087 2714 mortuum
1118 2647 1314 2713 vehiculum.
1362 2649 1423 2725 Qui
1453 2669 1548 2714 versa
1577 2650 1646 2716 vice
1677 2651 1814 2735 capistro
1841 2672 1907 2718 non

276 2754 381 2839 capite
405 2754 464 2820 sed
486 2754 622 2838 pedibus
645 2754 811 2836 adligatus
834 2752 990 2818 educitur.

141 2855 255 2922 XXIII
370 2862 430 2942 (66)
458 2858 518 2923 Est
540 2877 657 2942 operae
680 2857 819 2941 pretium
841 2855 924 2920 illud
946 2854 1119 2920 memoriae
1142 2854 1286 2936 tradere,
1318 2855 1454 2938 qualiter
1477 2856 1626 2922 sacerdos
1649 2857 1767 2923 Christi
1790 2857 1906 2924 solitus

275 2968 346 3027 erat
369 2961 410 3026 66
432 2962 512 3046 ipsis
536 2981 662 3043 quoque
684 2960 815 3043 regibus
837 2960 1045 3044 triumphare.
1085 2959 1187 3041 Igitur
1210 2980 1281 3024 cum
1304 2959 1443 3041 glorioso
1466 2960 1679 3026 Clrlodcbario
1700 2962 1770 3045 regi
1793 2982 1907 3026 oecur-

275 3065 370 3131 rissct
398 3086 439 3131 cx
470 3065 563 3130 solito
593 3085 653 3130 nec
683 3071 793 3130 tamen
821 3063 862 3129 66
892 3071 1002 3128 666666
1031 3063 1099 3128 viro
1126 3070 1231 3128 stante
1258 3072 1333 3128 ante
1357 3063 1514 3148 palatium
1538 3065 1566 3129 ei
1591 3064 1687 3129 fuerit
1709 3064 1901 3147 nuntiatum,
1929 3088 1964 3131 aa

273 3188 363 3233 mora
392 3169 480 3233 facta
505 3176 579 3234 ante
603 3167 797 3233 vestibulum
820 3187 883 3231 non
905 3173 1166 3251 repraesentatus
1188 3166 1264 3231 iude
1287 3166 1413 3231 domum
1437 3168 1615 3232 revertitur.
1669 3170 1728 3250 (69)
1758 3168 1906 3251 Sequens

275 3292 339 3336 nox
368 3272 401 3336 in
433 3272 570 3338 oratorio
601 3271 721 3355 vigiliis
751 3270 893 3351 ducitur,
928 3291 984 3335 rex
1015 3269 1124 3335 dolore
1154 3277 1249 3352 atque
1272 3270 1371 3335 febris
1394 3270 1597 3336 infestatione
1620 3277 1792 3354 torquetur.
1841 3272 1906 3337 Vix

275 3375 378 3460 primo
408 3376 548 3441 diluculo
577 3376 619 3440 ad
643 3375 770 3440 domum
794 3374 951 3440 ccclesiae
974 3395 995 3438 a
1016 3374 1200 3459 proceribus
1225 3381 1447 3456 concursatur,
1482 3394 1586 3458 poena
1608 3374 1695 3456 regis
1718 3375 1899 3459 exponitur,

273 3485 308 3544 ut
337 3498 397 3545 sua
425 3479 608 3545 visitatione
639 3479 709 3561 regi
738 3478 858 3543 doloris
888 3478 952 3542 vim
983 3478 1109 3560 mitiget
1138 3477 1308 3561 optimates
1337 3476 1560 3561 deprecantur.
1625 3479 1685 3561 (76)
1712 3479 1785 3543 Mox
1815 3477 1932 3562 apud,

273 3583 427 3667 pietatem
455 3584 593 3650 iniuriae
616 3603 716 3649 causa
737 3582 955 3667 postponitur,
989 3582 1045 3663 qui
1068 3588 1141 3647 ante
1164 3601 1224 3646 nec
1246 3581 1454 3645 nuntiabatur
1476 3581 1574 3647 intrat
1594 3580 1767 3646 honoratus
1790 3589 1822 3646 et
1845 3602 1907 3646 ex·
1928 3608 1962 3648 ac

272 3694 381 3752 oratus
403 3687 572 3772 palatium.
619 3690 689 3753 Rex
711 3687 766 3751 vix
788 3685 937 3768 adsurgit
959 3684 1000 3751 de
1023 3687 1159 3763 lectulo,
1190 3705 1319 3750 caesum
1344 3704 1378 3750 66
1402 3684 1510 3750 divino
1533 3683 1663 3768 flagello
1686 3684 1901 3767 conqueritur.

270 3790 437 3855 Adlambit
465 3791 568 3856 sancti
593 3791 777 3876 palliolum,
813 3796 934 3854 vestem
959 3787 1135 3854 sacerdotis
1157 3788 1289 3854 deducit
1312 3808 1370 3871 per
1391 3789 1464 3852 loca
1488 3788 1617 3853 doloris.
1666 3788 1801 3872 Culpam
1826 3808 1905 3852 con-

271 3894 377 3960 fessus
405 3894 564 3977 criminis,
598 3915 672 3959 mox
701 3893 791 3958 dolor
813 3892 915 3958 omnis
939 3892 1069 3975 fugatus
1092 3899 1152 3958 est.
1199 3893 1301 3976 quue
1324 3900 1430 3958 actum
1453 3899 1518 3975 666,
1537 3902 1540 3908 ’
1556 3897 1589 3957 66
1611 3892 1703 3957 66166
1726 3892 1907 3958 1666666666

271 3999 312 4065 66
334 4005 517 4082 contemptu
540 3998 719 4084 periculum
743 3997 876 4062 sentiret
899 4003 989 4068 tactu,
1009 3997 1196 4062 remedium.

141 4101 249 4165 XXIV
362 4104 423 4185 (71)
450 4104 488 4167 16
518 4124 603 4188 pago
627 4101 789 4167 Parisiaco
812 4101 889 4166 Vico
912 4100 1002 4165 Novo
1031 4120 1083 4165 res
1106 4108 1200 4183 gesta
1222 4107 1282 4165 est.
1329 4098 1468 4175 Quidam
1490 4099 1525 4164 in
1548 4099 1660 4164 ecdem
1685 4100 1755 4163 loco
1779 4098 1904 4183 impetu
1927 4126 1960 4165 aa

271 4206 338 4291 lupi
367 4206 471 4290 rapidi
502 4206 679 4286 laceratus,
715 4213 806 4270 extra
835 4223 965 4269 sensum
996 4204 1129 4269 effeetus
1161 4205 1253 4269 beato
1284 4203 1441 4268 sacerdoti
1473 4203 1662 4268 miseranter
1688 4204 1814 4268 oblatus
1837 4210 1899 4268 666.

275 4310 336 4392 (72)
363 4309 424 4375 Hic
454 4309 497 4372 ad
527 4309 585 4373 illa
615 4328 693 4373 suae
723 4308 802 4372 artis
832 4327 999 4372 recurrens
1031 4308 1202 4391 suffragia,
1237 4327 1310 4372 mcx
1341 4306 1471 4372 brachio
1501 4306 1564 4370 olei
1596 4306 1755 4371 benedicti
1779 4306 1903 4388 liquore

269 4412 447 4479 circumlito
470 4419 503 4477 ct
525 4411 624 4476 sacris
647 4431 685 4476 eo
709 4411 819 4493 digitis
843 4411 1077 4477 medicabiliter
1099 4412 1293 4492 adtrectato,
1330 4410 1432 4495 pestis
1455 4410 1513 4475 illa
1536 4431 1619 4492 quae
1642 4410 1768 4476 viscera
1793 4410 1903 4475 dolore

268 4521 437 4599 grassante
459 4522 647 4599 pervaserat
668 4515 739 4579 loca
763 4514 848 4597 fugit
870 4515 1019 4580 obsessa:
1047 4515 1111 4580 iarn
1135 4515 1305 4599 putredine
1328 4515 1486 4595 resoluta,
1515 4513 1625 4597 vigore
1648 4513 1781 4598 pristino
1805 4512 1904 4577 resti-

268 4626 347 4701 tuto,
375 4619 444 4684 sine
468 4618 669 4683 cunctatione
692 4618 779 4683 relut
802 4625 989 4702 experrecto
1012 4619 1053 4684 de
1076 4638 1190 4702 sopore
1214 4617 1304 4682 dolor
1327 4618 1469 4699 recessit,
1496 4637 1587 4683 mens
1610 4616 1716 4682 666116.
1922 4640 1956 4682 rc

155 4723 248 4787 XXV
361 4724 421 4806 (73)
449 4723 530 4786 Item
561 4722 601 4787 de
631 4722 701 4786 vico
724 4722 866 4787 Mantola
888 4722 1039 4787 Waldulfi
1070 4721 1236 4787 cuiusdam
1266 4722 1386 4786 ancilla
1417 4741 1501 4787 anno
1532 4729 1564 4786 66
1593 4740 1707 4785 novem
1734 4719 1901 4785 mensibus

269 4826 362 4909 gravi
388 4826 542 4891 caecitate
566 4844 736 4909 percussa,
771 4847 828 4910 per
852 4846 998 4910 soporem
1022 4825 1204 4906 admonita,
1241 4833 1276 4890 ut
1299 4825 1456 4890 fimbriam
1481 4825 1584 4890 sancti
1607 4824 1634 4889 si
1657 4831 1804 4906 tangeret
1825 4843 1901 4888 mox

268 4929 371 4994 visum
400 4929 575 5013 reciperet,
609 4928 660 4993 616
683 4929 824 5012 quadam
848 4928 1006 4995 sacerdoti
1029 4929 1181 4994 occurrit:
1216 4928 1274 4995 sed
1296 4929 1398 4994 multa
1421 4936 1512 4994 nocte
1536 4927 1732 4994 circumdata
1753 4927 1800 4992 166
1822 4946 1901 4991 666-

356 5190 364 5238 1
387 5187 589 5256 chrodosinthae]
611 5190 641 5252 0,
661 5190 833 5239 chrodosintae
854 5190 892 5253 ΡΙ,
914 5191 1079 5239 666661616616
1099 5187 1140 5251 1³2,
1162 5190 1300 5237 chlotsinda
1322 5190 1392 5250 (Inep.
1412 5190 1476 5237 11166.
1493 5191 1534 5237 Fr.
1552 5189 1626 5251 Il',3
1732 5187 1747 5237 9
1767 5182 1864 5251 sopore]
1878 5186 1902 5233 P

269 5278 299 5327 12
319 5274 450 5344 66616666.
475 5280 510 5332 Gn
633 5276 664 5324 15
683 5273 774 5342 pretio]
793 5279 957 5324 interdictum
978 5274 1011 5325 (fi
1132 5279 1248 5337 quoniam
1267 5272 1345 5341 apud]
1364 5277 1456 5337 quonia
1474 5277 1521 5337 pod
1542 5275 1581 5337 ΡΙ,
1603 5290 1664 5323 corr.
1793 5272 1824 5322 16
1843 5271 1899 5339 illa]

266 5379 328 5414 eras.
345 5366 367 5413 P
461 5363 491 5414 19
510 5361 596 5431 quam]
609 5378 656 5426 quo
669 5363 711 5427 1³¹,
726 5379 774 5426 qua
788 5361 821 5411 ΡΖ
914 5362 946 5412 20
966 5365 1064 5411 incussu
1079 5363 1110 5410 P¹
1200 5362 1231 5413 24
1251 5360 1417 5429 cblodcharIo]
1430 5364 1479 5424 ΡΘ,
1496 5362 1624 5410 chlotharii
1637 5377 1713 5410 cumr.
1733 5362 1790 5423 VII,
1808 5365 1848 5421 16,
1864 5361 1900 5408 3³

268 5450 301 5500 25
319 5452 449 5513 palacioP
552 5452 585 5502 26
603 5457 802 5513 repraesentatas
815 5450 846 5497 P¹
950 5449 983 5499 29
1002 5452 1068 5511 regia
1083 5450 1122 5512 (Ρ)
1223 5447 1289 5517 uim]
1307 5465 1370 5499 eras.
1386 5450 1409 5497 P
1511 5450 1543 5497 30
1562 5448 1655 5511 quoP¹
1761 5447 1788 5495 31
1812 5461 1898 5495 assur·

264 5552 326 5598 gens
347 5535 382 5584 0²
498 5538 530 5588 32
550 5540 658 5600 palleum
678 5538 720 5601 1³¹,
740 5538 845 5599 pallium
864 5533 898 5584 92
1018 5537 1051 5585 36
1070 5537 1148 5585 666161
1171 5534 1203 5584 62
1325 5537 1357 5586 37
1377 5538 1436 5585 66616
1454 5551 1514 5583 suas
1534 5535 1554 5581 Ρ
1674 5534 1706 5584 38
1726 5550 1783 5583 cum
1801 5560 1837 5569 ·-
1855 5534 1900 5582 nd-

268 5632 403 5675 tractatum
422 5626 444 5673 P
565 5626 598 5674 39
617 5627 698 5685 uigori
717 5627 822 5686 pristino
840 5626 894 5672 6166
913 5626 1072 5672 cunctatione
1092 5625 1246 5675 restituitur.
1275 5640 1302 5672 ac
1320 5625 1392 5673 uelut
1409 5619 1442 5669 6²
1563 5625 1678 5671 restitum
1700 5620 1739 5683 1³¹,
1760 5621 1846 5669 rastito
1864 5619 1900 5668 pn

263 5710 295 5760 10
315 5719 419 5773 experto
442 5712 463 5758 P
