4374 6186
819 411 912 466 VITA
931 409 1068 466 SANCTI
1086 408 1260 466 AMANTII.
1815 418 1857 480 63

317 606 377 687 (97)
404 604 528 668 Rursus
558 622 630 668 cum
659 600 817 667 adversus
840 601 1065 666 Ruthenenscs
1088 600 1304 666 Marcomanni
1327 607 1433 669 truces
1455 602 1641 685 ingruerent
1664 623 1854 687 omnemque
1878 603 1959 669 XIII

225 710 290 775 late
304 705 501 793 provinciam
517 706 596 771 belli
611 706 696 771 nube
710 706 876 785 texissent,
903 705 1061 770 —atroci
1076 704 1195 770 etenim
1211 724 1329 770 corona
1344 705 1510 770 cinxerant
1526 704 1689 771 civitatem
1704 744 1758 787 —,
1785 707 1859 773 hor-

225 811 338 878 rebant
353 830 514 875 murorum
529 809 695 874 interiecto
711 806 897 873 discrimine
914 807 1032 873 strictis
1047 807 1263 872 mucronibus.
1308 808 1459 873 Addebat
1480 808 1577 874 etiam
1593 809 1743 875 fiduciam
1759 810 1859 876 hosti-

224 914 285 979 bus
308 912 479 979 multitudo
500 913 634 995 ingens,
661 916 779 976 natura
801 909 908 992 ferox,
936 930 1069 992 quorum
1092 910 1202 993 fugam
1226 911 1388 975 sternebat
1411 912 1534 996 passim
1557 912 1628 977 dira
1651 912 1722 978 lues
1744 912 1860 978 immiti

192 1036 319 1098 sense,
354 1015 441 1082 fame
470 1015 620 1080 obscena.
680 1016 740 1098 (88)
769 1014 940 1097 Consurgit
970 1013 1100 1079 tandem
1130 1014 1164 1078 in
1187 1013 1338 1079 ultionem
1362 1014 1555 1080 famulorum
1578 1015 1729 1081 sacerdos
1752 1024 1860 1082 noster

225 1125 506 1206 propugnatorque
529 1117 722 1183 fortissimus
745 1117 845 1183 etita
867 1123 997 1200 gentem
1020 1124 1120 1183 totam
1143 1137 1206 1182 uno
1225 1116 1336 1182 timore
1354 1118 1523 1202 percussit
1551 1118 1636 1200 quod
1655 1117 1859 1184 discedentes

225 1242 345 1308 pavore
374 1221 486 1304 fugam
515 1221 709 1305 arriperent,
748 1221 830 1286 sicut
863 1220 1045 1286 vehementi
1074 1219 1181 1285 furore
1213 1241 1302 1284 arma
1332 1227 1515 1306 rapuerant.
1580 1223 1639 1303 (89)
1674 1222 1758 1286 Nam
1786 1243 1859 1287 cum

226 1325 422 1393 fortissimae
452 1324 560 1407 gentis
583 1323 681 1391 duces
703 1324 949 1407 ingrederentur
971 1344 1012 1388 ex
1034 1343 1122 1388 more
1145 1322 1330 1404 basilicam,
1366 1325 1411 1389 uti
1435 1343 1487 1389 res
1510 1323 1670 1390 secundas
1692 1331 1860 1409 poscerent

226 1429 303 1511 suis,
330 1428 488 1494 tumulum
510 1427 652 1513 petiere:
678 1427 786 1492 statim
810 1427 1015 1492 circumiecta
1038 1427 1207 1510 sepulchro
1231 1427 1394 1491 velamina
1416 1447 1500 1493 nunc
1523 1429 1658 1493 alteram
1681 1427 1714 1492 in
1735 1434 1859 1512 partem

178 1552 205 1592 ιο
226 1540 261 1600 ut
291 1540 364 1599 acta
393 1530 504 1596 flabris
534 1551 636 1596 novae
666 1529 794 1595 virtutis
824 1531 978 1595 miraculo
1009 1529 1190 1610 sinuantur,
1225 1550 1362 1613 magnus
1393 1550 1412 1596 e
1441 1531 1564 1596 tumulo
1587 1531 1727 1613 liquatur
1749 1530 1856 1596 sudor.

230 1637 290 1718 (99)
320 1634 629 1701 Commemoratione
652 1632 748 1699 etiam
772 1633 853 1696 mira
875 1652 1001 1697 sacrum
1024 1631 1064 1697 de
1088 1632 1209 1697 tumulo
1232 1633 1381 1698 velamen
1398 1633 1565 1713 excutitur,
1593 1641 1776 1700 sternuntur
1791 1635 1859 1700 solo

225 1739 326 1804 duces
355 1758 412 1824 pro
441 1736 545 1821 gloria
573 1735 712 1802 reditum
742 1734 853 1819 fugam
884 1755 941 1819 pro
973 1735 1126 1800 felicitate
1153 1743 1325 1819 poscentes
1348 1744 1381 1802 et
1403 1736 1466 1821 ipsi
1488 1736 1588 1801 atroci
1611 1736 1700 1821 prius
1724 1737 1860 1802 saevitia

224 1841 457 1907 immanitatem
495 1839 689 1923 transgressi
727 1838 860 1903 feralem
897 1837 930 1901 in
965 1837 1127 1904 hominum
1162 1859 1265 1904 mores
1301 1859 1382 1904 novo
1416 1840 1553 1905 redeunt
1585 1848 1671 1906 metu
1705 1839 1855 1924 perculsi.

233 1947 292 2028 (91)
320 1945 370 2010 Ah
392 1943 533 2010 oratione
556 1943 665 2026 itaque
687 1947 884 2024 consurgunt
905 1940 1105 2022 tenibiliquc
1128 1961 1206 2006 sono
1229 1943 1325 2007 tubae
1348 1962 1429 2025 gens
1451 1949 1518 2008 tota
1541 1942 1753 2022 contrahitur,
1785 1963 1859 2026 pro

179 2064 207 2104 1⁵
227 2047 274 2112 dit
304 2054 423 2112 metum
454 2047 558 2131 pallor
581 2044 703 2110 timoris
725 2043 823 2109 index
845 2043 1029 2127 factumque
1051 2044 1196 2129 trepidus
1220 2064 1322 2111 sermo
1346 2045 1549 2111 miraculum:
1583 2047 1694 2111 horror
1717 2046 1858 2110 omnium

227 2151 329 2234 quatit
361 2150 521 2230 membra,
559 2149 702 2214 novitate
736 2147 863 2212 virtutis
897 2147 1004 2231 placet
1037 2145 1131 2231 fuga,
1169 2147 1270 2213 densa
1303 2149 1386 2213 mole
1420 2147 1600 2214 referuntur
1633 2148 1675 2214 ad
1706 2149 1854 2233 patriam.

232 2256 292 2336 (9·2)
321 2254 455 2318 Peracto
483 2252 593 2334 itaque
624 2249 760 2316 triennio
783 2249 842 2315 hoc
864 2270 926 2332 quo
949 2250 1038 2336 prius
1060 2251 1193 2316 veniunt
1216 2251 1323 2316 furore
1346 2252 1508 2332 succensi,
1545 2251 1606 2318 hac
1628 2252 1778 2318 saeviunt
1798 2253 1859 2317 im-

227 2356 380 2422 manitate
410 2356 623 2436 bacchantes,
659 2375 700 2420 ex
723 2355 783 2420 hoc
804 2353 942 2420 redeunt
963 2352 1119 2418 miraculo
1142 2354 1324 2419 commoniti
1346 2354 1469 2437 hocque
1492 2353 1621 2439 fugiunt
1642 2374 1760 2439 pavore
1783 2376 1858 2439 per-

226 2459 307 2523 culsi
330 2458 430 2524 etita
453 2464 563 2543 pastor
584 2458 735 2541 egregius
757 2476 889 2540 gregem
912 2475 1007 2521 sunm
1029 2456 1071 2521 ab
1093 2456 1222 2523 incursu
1247 2457 1394 2542 luporum
1416 2458 1467 2523 bis
1491 2458 1574 2524 emit
1596 2479 1661 2523 una
1683 2457 1810 2524 virtute.

176 2576 206 2618 20
317 2564 376 2644 (93)
404 2561 518 2627 Dicam
546 2562 662 2627 iterum
691 2561 881 2627 miraculum
911 2560 996 2643 quod
1024 2560 1096 2645 ipsa
1124 2562 1251 2626 Rutena
1281 2560 1359 2626 urhe
1387 2569 1470 2626 teste
1500 2562 1662 2646 conspexi.
1717 2562 1855 2627 Puerum
1878 2562 1953 2625 XIV

225 2662 386 2746 quendam
419 2664 636 2749 Euphrasium
670 2664 797 2730 nomine
831 2671 899 2729 arto
935 2663 1024 2729 dirae
1057 2662 1252 2730 infirmitatis
1286 2684 1370 2729 nexu
1404 2665 1637 2730 constrinxerat
1669 2664 1769 2731 hostis
1801 2665 1859 2731 ille

226 2768 416 2834 multimoda
444 2767 579 2834 nocendi
606 2774 675 2833 arte
699 2767 907 2833 saevissimus
931 2773 1028 2848 atque
1050 2787 1106 2832 ora
1128 2767 1296 2833 ferocitate
1319 2768 1539 2847 obseraverat,
1576 2766 1704 2852 dempto
1726 2768 1858 2851 linguae

224 2878 313 2936 motu
344 2878 376 2937 et
406 2870 497 2937 fandi
526 2871 676 2937 libertate
707 2871 850 2951 sublata,
885 2870 998 2936 luebat
1027 2870 1115 2955 longi
1138 2870 1292 2936 maeroris
1315 2891 1453 2956 paenam
1476 2870 1626 2936 diuturno
1649 2871 1777 2937 silentio
1800 2891 1859 2937 nec

226 2974 294 3039 ulla
324 2973 368 3039 ad
397 2973 551 3040 afflictum
582 2972 717 3039 conferri
746 2980 893 3057 poterant
923 2973 1067 3039 remedia
1090 2973 1249 3039 sanitatis.
1301 2975 1362 3057 (94)
1390 2973 1535 3040 Tandem
1559 2974 1703 3039 infirmus
1725 2974 1859 3040 audacis

175 3090 206 3132 ‘2⁵
225 3077 301 3143 fidei
329 3076 456 3143 fervore
484 3096 656 3143 succensus
688 3075 792 3141 sancti
814 3074 916 3161 patris
939 3076 1096 3141 tumulum
1120 3076 1213 3160 petiit
1236 3084 1269 3142 et
1291 3077 1413 3142 tumulo
1435 3077 1584 3143 velamen
1607 3077 1789 3160 contiguum
1813 3078 1859 3153 ori

224 3181 385 3247 violentus
413 3180 524 3247 iniecit
553 3187 585 3245 et
612 3180 687 3244 ilico
715 3179 905 3245 verberante
938 3199 994 3244 ora
1016 3179 1148 3263 linguae
1170 3179 1294 3264 plectro
1318 3187 1479 3246 auctorem
1502 3179 1663 3245 Christum
1687 3200 1749 3246 vox
1772 3182 1860 3246 clara

225 3284 388 3350 collaudat
411 3283 618 3365 divinamque
640 3282 791 3349 virtutem
814 3288 847 3348 et
868 3282 984 3347 merita
1005 3282 1170 3348 bellatoris
1195 3283 1319 3365 antiqui
1343 3284 1449 3348 soluta
1471 3283 1584 3367 lingua
1605 3290 1740 3349 testatur
1762 3285 1859 3349 etita

224 3388 369 3452 infirmus
396 3389 453 3453 ille
484 3408 502 3453 c
532 3387 668 3452 basilica
690 3386 816 3452 Christo
846 3386 1015 3451 referendo
1045 3386 1166 3468 gratias
1190 3405 1289 3450 sanus
1313 3386 1476 3469 egreditur
1498 3394 1661 3468 totamque
1684 3387 1859 3452 exultando

226 3489 381 3574 percurrit
402 3489 513 3556 urbem
535 3490 617 3555 tanti
640 3489 787 3554 miraculi
809 3490 901 3555 testis
924 3509 962 3553 ac
984 3489 1125 3553 nuntius.

176 3607 206 3647 ³0
319 3594 380 3676 (95)
408 3593 487 3658 ltem
518 3593 600 3657 latro
623 3592 755 3675 quidam
778 3591 990 3657 saevissimus
1012 3591 1166 3656 viatorem
1189 3591 1354 3658 incautum
1376 3592 1459 3672 adit,
1494 3592 1649 3657 interimit
1670 3594 1858 3677 prosternit·
1881 3593 1941 3658 XV

225 3715 304 3778 que,
341 3695 444 3779 spolia
473 3692 584 3779 diripit
613 3715 651 3759 ac
680 3697 744 3760 telo
772 3694 896 3759 ultricis
927 3694 1142 3760 conscientiae
1171 3696 1340 3780 perculsus
1368 3694 1506 3778 aufugit.
1554 3695 1667 3779 Ignoto
1689 3696 1815 3761 cuidam
1838 3718 1858 3761 a

226 3798 349 3863 latrone
383 3797 517 3864 extincti
549 3798 742 3863 vestimenta
774 3797 972 3879 venduntur,
1010 3797 1127 3881 quibus
1162 3799 1270 3883 palam
1302 3799 1371 3864 sine
1400 3818 1490 3863 mora
1519 3799 1667 3882 prolatis,
1706 3799 1858 3865 innocens

226 3907 349 3986 emptor
379 3900 421 3965 ad
451 3900 611 3985 supplicia
640 3899 763 3985 rapitur
791 3907 823 3965 et
845 3900 946 3967 alieni
970 3901 1101 3967 sceleris
1124 3922 1231 3986 paena
1254 3908 1433 3985 torquetur,
1468 3901 1501 3966 in
1524 3920 1682 3967 carcerem
1707 3901 1853 3982 truditur,

225 4002 401 4089 profertur,
436 4003 640 4085 verberatur,
676 4004 797 4090 carceri
825 4003 970 4069 redditur
1000 4013 1032 4070 et
1062 4004 1345 4088 comperendinato
1375 4004 1427 4070 die
1456 4004 1564 4070 letalis
1593 4005 1731 4089 patibuli
1753 4026 1858 4090 paena

176 4123 206 4161 ³⁵
226 4105 383 4172 differtur.
436 4108 496 4190 (96)
524 4106 652 4172 Interea
673 4106 885 4192 intempestae
909 4108 1012 4173 noctis
1035 4108 1162 4173 silentio
1186 4106 1296 4173 divino
1319 4107 1444 4190 fulgore
1467 4128 1577 4173 carcer
1600 4108 1738 4187 emicuit,
1765 4109 1859 4175 adest

226 4209 385 4295 gloriosus
407 4211 576 4276 Amantius
598 4210 701 4276 nivali
725 4210 896 4294 splendore
920 4211 1121 4297 conspicuus,
1149 4218 1343 4277 maerentem
1367 4211 1485 4290 visitat,
1512 4231 1628 4276 nomen
1651 4211 1748 4277 edicit
1769 4219 1802 4277 et
1823 4218 1859 4276 ut

226 4313 371 4379 crudelia
399 4319 558 4379 tormenta
580 4314 715 4397 effugiat
737 4314 933 4380 exhortatur.
977 4313 1056 4380 Ilico
1079 4321 1148 4379 arta
1172 4314 1247 4379 ferri
1271 4313 1377 4379 vincla
1400 4313 1577 4395 dissiliunt,
1613 4314 1755 4381 claustra
1776 4330 1858 4400 pan-

226 4416 354 4499 duntur,
376 4416 522 4501 procedit
536 4417 713 4482 vinctorum
729 4437 843 4482 manus
858 4417 956 4500 fitque
972 4425 1138 4483 nocentum
1155 4417 1244 4482 salus
1260 4417 1418 4482 absolutio
1433 4416 1624 4482 innocentis.
1677 4420 1735 4497 (97)
1764 4419 1858 4484 Patet

226 4539 350 4600 carcer,
378 4519 421 4585 ad
443 4520 610 4585 basilicam
634 4521 857 4603 gloriosissimi
879 4521 1118 4607 triumphatoris
1141 4519 1340 4603 confugitur,
1367 4521 1534 4606 pulsantur
1557 4521 1660 4601 fores,
1688 4541 1761 4586 mox
1785 4541 1857 4587 sera

175 4643 206 4684 ro
226 4643 308 4688 novo
337 4623 489 4688 miraculo
518 4622 635 4689 illaesa
664 4624 732 4689 solo
758 4624 874 4690 resiliit
903 4633 935 4690 et
956 4624 1003 4690 ita
1024 4624 1230 4690 beatissimus
1253 4623 1422 4688 Amantius
1444 4623 1554 4689 divino
1577 4644 1709 4690 munere
1731 4624 1772 4688 ab
1796 4624 1858 4689 im·

226 4725 367 4792 minente
401 4726 499 4792 exitio
533 4726 724 4811 dampnatos
758 4727 875 4813 eripuit
907 4747 1063 4809 sacraque
1093 4734 1220 4811 ereptos
1249 4726 1385 4792 basilica
1414 4725 1501 4792 dulci
1532 4727 1654 4811 gremio
1684 4727 1857 4794 salvandos

226 4830 365 4915 excepit.

319 4935 377 5016 (98)
406 4934 435 4998 Α
458 4932 581 4998 latrone
604 4952 729 5016 quoque
752 4931 882 5015 quidam
904 4933 940 4996 in
963 4933 1147 5016 praesentia
1169 4931 1230 4997 viri
1252 4933 1355 4998 bonae
1371 4933 1587 4999 conscientiae
1602 4933 1768 5011 occiditur,
1795 4934 1855 4999 sed
1877 4930 1951 4994 XVI

227 5054 298 5099 cum
328 5055 364 5101 sc
393 5037 474 5102 latro
503 5057 595 5102 cursu
625 5036 769 5120 praepeti
799 5035 989 5119 confugiens
1019 5035 1229 5116 occultasset,
1263 5036 1416 5102 innocens
1443 5034 1499 5102 ille
1529 5043 1675 5102 metuens
1704 5056 1745 5101 ne
1768 5043 1856 5101 stans

176 5159 207 5198 rs
227 5138 317 5202 iuxta
345 5157 459 5223 corpus
487 5139 618 5204 extincti
646 5138 747 5204 alieni
778 5139 909 5204 sceleris
939 5158 1061 5224 paenas
1092 5139 1269 5223 exciperet,
1307 5139 1473 5205 basilicam
1504 5139 1590 5206 beati
1617 5139 1857 5223 triumphatoris

228 5239 378 5324 expetiit,
411 5262 432 5305 a
460 5242 647 5326 propinquis
677 5241 809 5306 extincti
839 5242 998 5307 artissime
1027 5241 1165 5306 vinculis
1186 5241 1368 5308 innectitur.
1416 5241 1478 5320 Qui
1501 5241 1614 5307 offusis
1638 5240 1764 5307 fletibus
1787 5263 1857 5306 ma-

316 5534 409 5584 lbclli
428 5531 506 5600 nube]
530 5535 599 5595 Ver-g.
621 5536 683 5584 Aen.
705 5537 736 5598 X,
757 5538 807 5586 809
950 5537 1051 5586 blame
1069 5532 1187 5603 obscena]
1212 5536 1280 5598 (ιφ.
1302 5538 1362 5586 Aen.
1384 5536 1438 5598 111,
1458 5536 1508 5584 367
1649 5534 1857 5600 teterrimoque

228 5634 286 5669 sono
306 5617 394 5687 tubae]
416 5621 485 5681 γαρ.
507 5619 568 5671 Acri.
590 5622 636 5682 IX,
659 5623 709 5673 503
816 5621 846 5670 15
865 5623 951 5671 horror
968 5625 1080 5672 omntum
1099 5625 1181 5685 qustlt
1198 5619 1321 5690 membra]
1343 5622 1410 5682 Vero.
1432 5624 1494 5671 Aen.
1516 5623 1569 5684 111,
1590 5624 1624 5671 39
1730 5621 1760 5671 ld
1778 5622 1857 5671 densa

228 5708 291 5755 mole
310 5709 455 5756 referuntur
473 5709 503 5757 ud
520 5705 639 5776 patriam]
662 5708 965 5772 Verp.Acn.lI11,5?5:
985 5709 1114 5772 densaque
1132 5709 1162 5758 sd
1180 5723 1263 5758 muros
1282 5710 1346 5758 mols
1364 5709 1482 5757 feruntur
1587 5708 1616 5758 21
1638 5710 1816 5771 euphrasinum
1835 5707 1857 5756 L
