4374 6186
928 401 1145 458 FORTVNATI
1163 401 1365 458 CARMINVbl

666 590 910 656 childeberctho
933 592 1063 655 cluens:
1088 591 1170 656 haec
1191 592 1382 658 Fortunatus
1405 613 1513 658 amore

751 713 892 777 paupere
915 692 956 757 de
979 713 1074 759 sensu
1098 714 1219 778 pauper
1241 695 1365 779 etipse
1388 695 1466 761 fero.

665 795 841 860 Audulfum
865 795 1019 860 famulum
1044 796 1230 861 commendo
1253 797 1398 881 supplice
1420 805 1510 879 voto,

752 919 802 963 mc
824 919 969 981 quoque:
995 899 1041 964 sic
1063 899 1155 964 nobis
1179 899 1231 964 hic
1253 899 1424 965 domineris
1446 921 1539 985 apex.

1120 1311 1164 1375 VI

906 1450 963 1522 De
991 1448 1222 1524 Brunichilde
1248 1449 1374 1544 regina

666 1627 770 1711 Regia
792 1627 979 1712 progenies,
1006 1629 1163 1712 praecelsi
1185 1636 1218 1695 et
1238 1636 1340 1695 mater
1362 1630 1508 1696 honoris.

752 1730 892 1813 undique
915 1737 1103 1813 regnantum
1128 1731 1231 1797 cincta
1252 1732 1366 1798 decore
1388 1733 1459 1817 pio,

666 1833 776 1899 Gallia
798 1833 889 1898 cuius
911 1834 1010 1899 habet
1031 1854 1134 1916 genus
1157 1841 1189 1900 et
1210 1835 1368 1919 Hispania
1389 1835 1504 1915 fetum,

751 1937 913 2002 masculus
935 1935 1011 2001 binc
1034 1936 1221 2018 moderans,
1246 1937 1322 2003 inde
1344 1939 1454 2022 puella
1476 1959 1608 2022 regens:

600 2060 613 2097 r»
666 2039 843 2124 auspicium
867 2038 947 2105 felix
970 2038 1013 2106 sit
1032 2039 1285 2124 prosperioribus
1308 2040 1416 2106 annis:

751 2142 804 2207 hic
825 2148 915 2226 tegat
936 2142 1145 2227 Allobrogas,
1172 2141 1291 2226 dirigat
1311 2143 1370 2208 illa
1392 2143 1509 2223 Getas,

665 2245 815 2329 gentihus
837 2252 870 2311 et
891 2245 1029 2330 geminis
1051 2246 1171 2331 pariter
1190 2252 1247 2311 tua
1268 2246 1415 2331 germina
1437 2253 1572 2330 regnent

752 2356 785 2415 et
805 2349 865 2414 tibi
889 2348 944 2415 det
965 2348 1086 2414 fructus
1108 2349 1170 2415 iste
1192 2350 1245 2415 vel
1266 2350 1323 2415 ille
1345 2350 1449 2430 locus,

665 2473 728 2535 quo
750 2459 781 2518 te
805 2451 996 2535 circumdet,
1022 2451 1096 2536 pia,
1122 2452 1242 2518 blanda
1264 2473 1380 2519 corona
1401 2460 1570 2537 nepotum,

751 2556 793 2621 de
815 2555 924 2639 genito
947 2562 979 2619 et
1000 2555 1112 2639 genita
1133 2555 1183 2620 his
1205 2555 1357 2639 genitalis
1378 2576 1452 2622 ava.

665 2658 739 2724 illos
761 2658 891 2740 auditu,
917 2658 977 2724 bos
999 2657 1070 2722 visu
1093 2657 1180 2723 laeta
1202 2678 1389 2740 recensens,

750 2780 904 2847 praesens
927 2761 1001 2825 hinc
1023 2760 1187 2844 gaudens,
1214 2761 1292 2827 inde
1315 2761 1374 2826 sed
1394 2782 1471 2827 aure
1494 2762 1608 2828 favens

665 2865 787 2949 subque
810 2864 874 2931 tuis
897 2883 1031 2929 cernens
1054 2863 1203 2947 regiones
1225 2872 1327 2931 mater
1348 2871 1499 2951 utrasque

751 2988 823 3032 cum
846 2968 964 3052 populo
986 2974 1019 3034 et
1040 2967 1145 3054 patria
1167 2967 1350 3033 laetificeris
1373 2989 1445 3034 ava.

664 3070 841 3136 Audulfnm
864 3071 1019 3135 famulum
1043 3069 1250 3152 commendo,
1275 3091 1326 3136 me
1349 3092 1474 3155 quoque
1497 3091 1620 3136 secum:

751 3172 798 3239 sic
820 3180 949 3237 maneat
971 3172 1094 3238 cunctis
1115 3172 1219 3256 gloria
1241 3181 1348 3238 vestra
1370 3173 1485 3238 nitens.

1111 3585 1171 3652 VH

1006 3724 1066 3798 Ad
1092 3724 1278 3820 Agiulfum

664 3904 789 3970 Nomen
812 3903 906 3969 dulce
928 3903 1021 3984 mihi,
1049 3902 1126 3968 mihi
1150 3923 1275 3988 semper
1297 3903 1436 3969 amabile
1458 3923 1592 3987 nomen,

750 4007 898 4074 omnihus
920 4006 1097 4087 unanimis,
1124 4007 1198 4092 plus
1220 4007 1298 4071 milri
1320 4014 1426 4072 mente
1449 4007 1571 4087 nitens,

665 4111 720 4194 qui
743 4111 837 4177 eorde
859 4110 1057 4195 amplectens
1079 4117 1210 4176 cunctos
1232 4109 1290 4176 tibi
1312 4108 1420 4175 reddis
1442 4118 1587 4176 amantes

756 4214 841 4297 (dum
864 4214 943 4278 colis
965 4222 998 4278 et
1020 4213 1153 4297 coleris,
1180 4233 1272 4279 carus
1294 4213 1422 4281 haberis
1445 4215 1560 4298 apex),

666 4316 806 4382 moribus
828 4317 1005 4397 excellens,
1031 4316 1182 4400 Agiulfe‚
1209 4316 1349 4400 benigne
1373 4316 1510 4397 sodalis,

751 4420 931 4505 praecipuis
954 4420 1092 4485 dominis
1114 4421 1170 4503 qui
1192 4419 1377 4485 famulando
1399 4420 1525 4504 places,

665 4522 714 4589 vir
734 4522 877 4590 bonitate
900 4522 1033 4604 decens,
1061 4522 1231 4589 concordia
1251 4522 1358 4588 vincta
1380 4543 1438 4608 per
1459 4543 1585 4605 omnes,

751 4625 895 4693 laetitiae
918 4626 1035 4707 facies,
1062 4634 1191 4711 pectore
1213 4625 1278 4692 fida
1299 4625 1397 4692 fides:

666 4736 728 4796 stet
749 4736 824 4796 tuus
847 4731 974 4815 amplus
997 4730 1097 4794 honor
1118 4731 1214 4814 longe
1235 4730 1287 4795 his
1308 4731 1516 4813 regnantibus
1544 4752 1558 4784 s
1585 4752 1596 4785 e

582 4855 612 4894 ro
749 4833 941 4914 illorumque
964 4833 1053 4897 salus
1076 4832 1119 4898 sit
1139 4833 1215 4914 tibi,
1242 4853 1332 4916 care,
1359 4833 1468 4899 decus.

665 4937 810 5021 supplico
833 4935 1037 5001 commender
1059 4956 1116 5020 per
1138 4942 1170 5001 te
1193 4935 1430 5003 dominantibus
1453 4935 1546 5002 altis:

751 5039 798 5105 sic
819 5040 932 5104 valeas
953 5039 1052 5120 felix,
1079 5039 1154 5104 dum
1176 5045 1264 5105 tenet
1285 5039 1349 5104 ista
1371 5039 1451 5104 dies.

616 5233 741 5241 --——

401 5355 429 5405 ll
451 5349 649 5420 childeberctho]
667 5353 820 5401 childeberte
839 5350 874 5414 ll,
894 5353 1047 5415 childeberte
1066 5352 1091 5400 Σ
1193 5354 1340 5402 fortunatus
1354 5353 1378 5400 Σ
1484 5352 1515 5402 12
1534 5366 1611 5402 censu
1630 5352 1658 5400 M
1762 5351 1792 5401 13
1811 5353 1915 5403 audulfo
1932 5352 1957 5401 Σ

328 5443 452 5492 tumulum
471 5438 508 5508 Σ]
525 5443 640 5490 comitem
658 5438 688 5486 Μ
1643 5466 1648 5473 -

399 5529 434 5578 Vl
505 5527 530 5575 Σ
546 5527 569 5588 f.
583 5523 630 5575 ιδ’
727 5537 897 5572 sssuenrnns
996 5524 1011 5572 3
1030 5524 1099 5587 tetus
1197 5525 1213 5573 l
1232 5527 1359 5574 masculus
1371 5521 1525 5590 Omrcrdas]
1543 5526 1674 5573 musculus
1775 5521 1807 5572 12
1825 5520 1896 5590 hinc]
1914 5524 1955 5572 hic

400 5615 449 5662 vn
547 5613 572 5662 Σ
589 5613 611 5675 s.
631 5610 678 5660 lbi
783 5623 847 5658 rrnu
865 5624 948 5658 nnrvn
965 5624 1002 5657 an
1020 5624 1047 5659 Α.
1156 5612 1164 5660 l
1189 5613 1251 5660 mihi
1270 5607 1346 5678 mibi]
1363 5614 1391 5661 hi
1410 5614 1445 5673 rpi
1464 5625 1525 5660 ertia
1631 5611 1779 5659 {tementes
1801 5606 1956 5675 Gnerurdus]

329 5708 442 5749 amenter
546 5699 562 5749 8
581 5700 694 5748 laeticiae
798 5697 813 5746 9
831 5700 946 5759 suppleas
965 5699 1029 5759 ipsis
