<?xml version="1.0" encoding="UTF-8"?>
<!DOCTYPE html PUBLIC "-//W3C//DTD XHTML 1.0 Transitional//EN"
    "http://www.w3.org/TR/xhtml1/DTD/xhtml1-transitional.dtd">
<html xmlns="http://www.w3.org/1999/xhtml" xml:lang="en" lang="en">
 <head>
  <title>
</title>
<meta http-equiv="Content-Type" content="text/html;charset=utf-8" />
  <meta name='ocr-system' content='tesseract 3.04.00' />
  <meta name='ocr-capabilities' content='ocr_page ocr_carea ocr_par ocr_line ocrx_word'/>
</head>
<body>
  <div class='ocr_page' id='page_1' title='image "./venantihonoricl00unkngoog_0504.png"; bbox 0 0 4374 6186; ppageno 0'>
   <div class='ocr_carea' id='block_1_1' title="bbox 846 423 1876 489">
    <p class='ocr_par' dir='ltr' id='par_1_1' title="bbox 846 423 1876 489">
     <span class='ocr_line' id='line_1_1' title="bbox 846 423 1876 489; baseline -0.007 -8"><span class='ocrx_word' id='word_1_1' title='bbox 846 424 1096 482; x_wconf 79' lang='lat' dir='ltr'><strong>vrnnsuucrr</strong></span> <span class='ocrx_word' id='word_1_2' title='bbox 1115 423 1272 481; x_wconf 81' lang='lat' dir='ltr'><strong>mnann.</strong></span> <span class='ocrx_word' id='word_1_3' title='bbox 1856 429 1876 489; x_wconf 73' lang='lat'><strong>5</strong></span> 
     </span>
    </p>
   </div>
   <div class='ocr_carea' id='block_1_2' title="bbox 195 613 1965 4012">
    <p class='ocr_par' dir='ltr' id='par_1_2' title="bbox 243 613 1872 807">
     <span class='ocr_line' id='line_1_2' title="bbox 243 613 1872 702; baseline -0.002 -18"><span class='ocrx_word' id='word_1_4' title='bbox 243 617 359 702; x_wconf 87' lang='lat' dir='ltr'>reliqui</span> <span class='ocrx_word' id='word_1_5' title='bbox 387 617 550 702; x_wconf 81' lang='lat' dir='ltr'><strong>perirentt</strong></span> <span class='ocrx_word' id='word_1_6' title='bbox 592 616 695 699; x_wconf 80' lang='lat' dir='ltr'>Igitur</span> <span class='ocrx_word' id='word_1_7' title='bbox 725 615 958 681; x_wconf 79' lang='lat' dir='ltr'><strong>sanctissimam</strong></span> <span class='ocrx_word' id='word_1_8' title='bbox 988 614 1128 681; x_wconf 88' lang='lat' dir='ltr'><strong>animam</strong></span> <span class='ocrx_word' id='word_1_9' title='bbox 1159 615 1220 682; x_wconf 92' lang='lat' dir='ltr'><strong>etsi</strong></span> <span class='ocrx_word' id='word_1_10' title='bbox 1248 614 1377 698; x_wconf 82' lang='lat' dir='ltr'><strong>gladius</strong></span> <span class='ocrx_word' id='word_1_11' title='bbox 1407 613 1620 699; x_wconf 87' lang='lat' dir='ltr'><strong>persecutoris</strong></span> <span class='ocrx_word' id='word_1_12' title='bbox 1641 635 1706 680; x_wconf 93' lang='lat' dir='ltr'><strong>non</strong></span> <span class='ocrx_word' id='word_1_13' title='bbox 1730 614 1872 697; x_wconf 89' lang='lat' dir='ltr'><strong>abstulit,</strong></span> 
     </span>
     <span class='ocr_line' id='line_1_3' title="bbox 244 719 914 807; baseline -0.004 -20"><span class='ocrx_word' id='word_1_14' title='bbox 244 723 386 807; x_wconf 87' lang='lat' dir='ltr'><strong>palmam</strong></span> <span class='ocrx_word' id='word_1_15' title='bbox 407 727 516 786; x_wconf 90' lang='lat' dir='ltr'><strong>tamen</strong></span> <span class='ocrx_word' id='word_1_16' title='bbox 539 719 688 804; x_wconf 91' lang='lat' dir='ltr'><strong>martyris</strong></span> <span class='ocrx_word' id='word_1_17' title='bbox 710 739 774 784; x_wconf 90' lang='lat' dir='ltr'><strong>non</strong></span> <span class='ocrx_word' id='word_1_18' title='bbox 796 719 914 785; x_wconf 88' lang='lat' dir='ltr'><strong>amisit.</strong></span> 
     </span>
    </p>

    <p class='ocr_par' dir='ltr' id='par_1_3' title="bbox 245 820 1946 1009">
     <span class='ocr_line' id='line_1_4' title="bbox 336 820 1946 907; baseline -0.003 -17"><span class='ocrx_word' id='word_1_19' title='bbox 336 828 396 906; x_wconf 83' lang='grc'>(33)</span> <span class='ocrx_word' id='word_1_20' title='bbox 423 824 536 907; x_wconf 80' lang='lat' dir='ltr'><strong>ltaque</strong></span> <span class='ocrx_word' id='word_1_21' title='bbox 566 823 642 888; x_wconf 93' lang='lat' dir='ltr'><strong>dum</strong></span> <span class='ocrx_word' id='word_1_22' title='bbox 666 822 887 906; x_wconf 80' lang='lat' dir='ltr'>regrederetur</span> <span class='ocrx_word' id='word_1_23' title='bbox 910 822 953 887; x_wconf 89' lang='lat' dir='ltr'><strong>ad</strong></span> <span class='ocrx_word' id='word_1_24' title='bbox 974 821 1121 907; x_wconf 89' lang='lat' dir='ltr'><strong>propria,</strong></span> <span class='ocrx_word' id='word_1_25' title='bbox 1153 828 1230 886; x_wconf 93' lang='lat' dir='ltr'><strong>tunc</strong></span> <span class='ocrx_word' id='word_1_26' title='bbox 1250 821 1365 887; x_wconf 88' lang='lat' dir='ltr'><strong>beatus</strong></span> <span class='ocrx_word' id='word_1_27' title='bbox 1387 821 1544 888; x_wconf 86' lang='lat' dir='ltr'><strong>Martinus</strong></span> <span class='ocrx_word' id='word_1_28' title='bbox 1566 841 1669 905; x_wconf 91' lang='lat' dir='ltr'><strong>aeque</strong></span> <span class='ocrx_word' id='word_1_29' title='bbox 1691 822 1875 889; x_wconf 90' lang='lat' dir='ltr'><strong>meritomm</strong></span> <span class='ocrx_word' id='word_1_30' title='bbox 1896 820 1946 886; x_wconf 85' lang='lat' dir='ltr'><strong>IX</strong></span> 
     </span>
     <span class='ocr_line' id='line_1_5' title="bbox 245 923 1876 1009; baseline -0.002 -15"><span class='ocrx_word' id='word_1_31' title='bbox 245 930 354 994; x_wconf 93' lang='lat' dir='ltr'><strong>lumen</strong></span> <span class='ocrx_word' id='word_1_32' title='bbox 375 948 439 993; x_wconf 92' lang='lat' dir='ltr'><strong>non</strong></span> <span class='ocrx_word' id='word_1_33' title='bbox 461 928 670 1009; x_wconf 89' lang='lat' dir='ltr'><strong>absconsum,</strong></span> <span class='ocrx_word' id='word_1_34' title='bbox 703 926 758 1009; x_wconf 94' lang='lat' dir='ltr'><strong>qui</strong></span> <span class='ocrx_word' id='word_1_35' title='bbox 780 927 821 991; x_wconf 89' lang='lat' dir='ltr'><strong>ab</strong></span> <span class='ocrx_word' id='word_1_36' title='bbox 844 924 966 990; x_wconf 89' lang='lat' dir='ltr'><strong>Hilario</strong></span> <span class='ocrx_word' id='word_1_37' title='bbox 989 924 1148 991; x_wconf 86' lang='lat' dir='ltr'><strong>exorcista</strong></span> <span class='ocrx_word' id='word_1_38' title='bbox 1171 931 1221 990; x_wconf 91' lang='lat' dir='ltr'><strong>est</strong></span> <span class='ocrx_word' id='word_1_39' title='bbox 1241 931 1354 1009; x_wconf 91' lang='lat' dir='ltr'><strong>postea</strong></span> <span class='ocrx_word' id='word_1_40' title='bbox 1375 924 1556 1006; x_wconf 90' lang='lat' dir='ltr'><strong>institutus,</strong></span> <span class='ocrx_word' id='word_1_41' title='bbox 1585 924 1711 1008; x_wconf 88' lang='lat' dir='ltr'><strong>cognito</strong></span> <span class='ocrx_word' id='word_1_42' title='bbox 1733 923 1876 990; x_wconf 86' lang='lat' dir='ltr'><strong>adventu</strong></span> 
     </span>
    </p>

    <p class='ocr_par' dir='ltr' id='par_1_4' title="bbox 213 1027 1877 1531">
     <span class='ocr_line' id='line_1_6' title="bbox 213 1027 1877 1115; baseline -0.001 -22"><span class='ocrx_word' id='word_1_43' title='bbox 213 1032 333 1115; x_wconf 80' lang='lat' dir='ltr'><strong>seius,</strong></span> <span class='ocrx_word' id='word_1_44' title='bbox 366 1033 498 1097; x_wconf 88' lang='lat' dir='ltr'><strong>Romam</strong></span> <span class='ocrx_word' id='word_1_45' title='bbox 526 1030 716 1097; x_wconf 86' lang='lat' dir='ltr'><strong>festinanter</strong></span> <span class='ocrx_word' id='word_1_46' title='bbox 739 1029 884 1095; x_wconf 87' lang='lat' dir='ltr'><strong>occurrit.</strong></span> <span class='ocrx_word' id='word_1_47' title='bbox 931 1028 1033 1105; x_wconf 79' lang='lat' dir='ltr'><strong>Quem</strong></span> <span class='ocrx_word' id='word_1_48' title='bbox 1056 1049 1129 1093; x_wconf 90' lang='lat' dir='ltr'><strong>curn</strong></span> <span class='ocrx_word' id='word_1_49' title='bbox 1152 1029 1348 1113; x_wconf 88' lang='lat' dir='ltr'><strong>praeterisse</strong></span> <span class='ocrx_word' id='word_1_50' title='bbox 1371 1034 1578 1111; x_wconf 90' lang='lat' dir='ltr'><strong>cognosceret</strong></span> <span class='ocrx_word' id='word_1_51' title='bbox 1600 1035 1649 1094; x_wconf 92' lang='lat' dir='ltr'><strong>est</strong></span> <span class='ocrx_word' id='word_1_52' title='bbox 1671 1047 1773 1110; x_wconf 93' lang='lat' dir='ltr'><strong>usque</strong></span> <span class='ocrx_word' id='word_1_53' title='bbox 1796 1027 1877 1092; x_wconf 85' lang='lat' dir='ltr'><strong>Gal-</strong></span> 
     </span>
     <span class='ocr_line' id='line_1_7' title="bbox 245 1129 1876 1217; baseline -0.004 -16"><span class='ocrx_word' id='word_1_54' title='bbox 245 1137 307 1202; x_wconf 89' lang='lat' dir='ltr'><strong>lias</strong></span> <span class='ocrx_word' id='word_1_55' title='bbox 330 1142 531 1202; x_wconf 89' lang='lat' dir='ltr'><strong>eonaecutns.</strong></span> <span class='ocrx_word' id='word_1_56' title='bbox 584 1135 645 1216; x_wconf 90' lang='grc'>(34)</span> <span class='ocrx_word' id='word_1_57' title='bbox 672 1134 784 1215; x_wconf 89' lang='lat' dir='ltr'>Neque</span> <span class='ocrx_word' id='word_1_58' title='bbox 808 1131 893 1197; x_wconf 92' lang='lat' dir='ltr'><strong>enim</strong></span> <span class='ocrx_word' id='word_1_59' title='bbox 908 1131 1075 1214; x_wconf 86' lang='lat' dir='ltr'><strong>Martinus,</strong></span> <span class='ocrx_word' id='word_1_60' title='bbox 1101 1131 1156 1217; x_wconf 92' lang='lat' dir='ltr'><strong>qui</strong></span> <span class='ocrx_word' id='word_1_61' title='bbox 1174 1131 1280 1197; x_wconf 87' lang='lat' dir='ltr'><strong>adhuc</strong></span> <span class='ocrx_word' id='word_1_62' title='bbox 1295 1129 1536 1197; x_wconf 87' lang='lat' dir='ltr'><strong>cathecuminns</strong></span> <span class='ocrx_word' id='word_1_63' title='bbox 1552 1130 1712 1197; x_wconf 84' lang='lat' dir='ltr'><strong>Christum</strong></span> <span class='ocrx_word' id='word_1_64' title='bbox 1728 1130 1876 1216; x_wconf 76' lang='lat' dir='ltr'><strong>clamyde</strong></span> 
     </span>
     <span class='ocr_line' id='line_1_8' title="bbox 243 1233 1876 1320; baseline -0.005 -14"><span class='ocrx_word' id='word_1_65' title='bbox 243 1260 303 1306; x_wconf 89' lang='lat' dir='ltr'><strong>sua</strong></span> <span class='ocrx_word' id='word_1_66' title='bbox 324 1246 443 1305; x_wconf 92' lang='lat' dir='ltr'><strong>tectum</strong></span> <span class='ocrx_word' id='word_1_67' title='bbox 466 1237 576 1303; x_wconf 87' lang='lat' dir='ltr'><strong>videre</strong></span> <span class='ocrx_word' id='word_1_68' title='bbox 600 1236 730 1318; x_wconf 90' lang='lat' dir='ltr'><strong>meruit,</strong></span> <span class='ocrx_word' id='word_1_69' title='bbox 756 1235 806 1299; x_wconf 92' lang='lat' dir='ltr'><strong>illi</strong></span> <span class='ocrx_word' id='word_1_70' title='bbox 828 1235 962 1300; x_wconf 90' lang='lat' dir='ltr'><strong>devotus</strong></span> <span class='ocrx_word' id='word_1_71' title='bbox 985 1241 1183 1315; x_wconf 89' lang='lat' dir='ltr'><strong>occurreret,</strong></span> <span class='ocrx_word' id='word_1_72' title='bbox 1208 1234 1271 1300; x_wconf 93' lang='lat' dir='ltr'><strong>nisi</strong></span> <span class='ocrx_word' id='word_1_73' title='bbox 1293 1256 1352 1320; x_wconf 91' lang='lat' dir='ltr'><strong>per</strong></span> <span class='ocrx_word' id='word_1_74' title='bbox 1374 1234 1481 1299; x_wconf 92' lang='lat' dir='ltr'><strong>omnia</strong></span> <span class='ocrx_word' id='word_1_75' title='bbox 1503 1234 1668 1319; x_wconf 90' lang='lat' dir='ltr'><strong>mysteriis</strong></span> <span class='ocrx_word' id='word_1_76' title='bbox 1689 1235 1820 1318; x_wconf 93' lang='lat' dir='ltr'><strong>plenum</strong></span> <span class='ocrx_word' id='word_1_77' title='bbox 1843 1233 1876 1298; x_wconf 95' lang='lat' dir='ltr'><strong>in</strong></span> 
     </span>
     <span class='ocr_line' id='line_1_9' title="bbox 244 1337 1877 1427; baseline -0.002 -19"><span class='ocrx_word' id='word_1_78' title='bbox 244 1363 282 1409; x_wconf 91' lang='lat' dir='ltr'><strong>eo</strong></span> <span class='ocrx_word' id='word_1_79' title='bbox 305 1343 452 1427; x_wconf 93' lang='lat' dir='ltr'><strong>spiritum</strong></span> <span class='ocrx_word' id='word_1_80' title='bbox 474 1339 701 1425; x_wconf 86' lang='lat' dir='ltr'><strong>praevidisset.</strong></span> <span class='ocrx_word' id='word_1_81' title='bbox 748 1339 818 1404; x_wconf 90' lang='lat' dir='ltr'><strong>Nec</strong></span> <span class='ocrx_word' id='word_1_82' title='bbox 839 1338 953 1402; x_wconf 92' lang='lat' dir='ltr'><strong>mirum</strong></span> <span class='ocrx_word' id='word_1_83' title='bbox 977 1338 1004 1404; x_wconf 94' lang='lat' dir='ltr'><strong>si</strong></span> <span class='ocrx_word' id='word_1_84' title='bbox 1027 1337 1083 1404; x_wconf 93' lang='lat' dir='ltr'><strong>ille</strong></span> <span class='ocrx_word' id='word_1_85' title='bbox 1106 1338 1160 1421; x_wconf 94' lang='lat' dir='ltr'><strong>qui</strong></span> <span class='ocrx_word' id='word_1_86' title='bbox 1184 1338 1282 1404; x_wconf 91' lang='lat' dir='ltr'><strong>deum</strong></span> <span class='ocrx_word' id='word_1_87' title='bbox 1304 1338 1394 1424; x_wconf 90' lang='lat' dir='ltr'><strong>prius</strong></span> <span class='ocrx_word' id='word_1_88' title='bbox 1418 1337 1498 1403; x_wconf 92' lang='lat' dir='ltr'><strong>vidit</strong></span> <span class='ocrx_word' id='word_1_89' title='bbox 1519 1338 1553 1404; x_wconf 92' lang='lat' dir='ltr'><strong>in</strong></span> <span class='ocrx_word' id='word_1_90' title='bbox 1575 1358 1735 1425; x_wconf 85' lang='lat' dir='ltr'>paupere,</span> <span class='ocrx_word' id='word_1_91' title='bbox 1764 1344 1877 1423; x_wconf 86' lang='lat' dir='ltr'><strong>postea</strong></span> 
     </span>
     <span class='ocr_line' id='line_1_10' title="bbox 244 1421 1762 1531; baseline -0.008 -19"><span class='ocrx_word' id='word_1_92' title='bbox 244 1447 349 1531; x_wconf 86' lang='lat' dir='ltr'><strong>ipsum</strong></span> <span class='ocrx_word' id='word_1_93' title='bbox 373 1444 518 1510; x_wconf 89' lang='lat' dir='ltr'><strong>habitare</strong></span> <span class='ocrx_word' id='word_1_94' title='bbox 540 1448 747 1527; x_wconf 90' lang='lat' dir='ltr'><strong>cognosceret</strong></span> <span class='ocrx_word' id='word_1_95' title='bbox 768 1442 801 1507; x_wconf 93' lang='lat' dir='ltr'><strong>in</strong></span> <span class='ocrx_word' id='word_1_96' title='bbox 826 1441 965 1507; x_wconf 92' lang='lat' dir='ltr'><strong>doctore.</strong></span> <span class='ocrx_word' id='word_1_97' title='bbox 1751 1421 1762 1449; x_wconf 39' lang='lat' dir='ltr'>x</span> 
     </span>
    </p>

    <p class='ocr_par' dir='ltr' id='par_1_5' title="bbox 195 1544 1928 2044">
     <span class='ocr_line' id='line_1_11' title="bbox 195 1544 1928 1631; baseline 0 -20"><span class='ocrx_word' id='word_1_98' title='bbox 195 1570 223 1611; x_wconf 87' lang='grc' dir='ltr'><strong>οο</strong></span> <span class='ocrx_word' id='word_1_99' title='bbox 334 1551 394 1631; x_wconf 85' lang='grc'>(35)</span> <span class='ocrx_word' id='word_1_100' title='bbox 422 1548 508 1613; x_wconf 91' lang='lat' dir='ltr'><strong>Illud</strong></span> <span class='ocrx_word' id='word_1_101' title='bbox 535 1547 632 1612; x_wconf 88' lang='lat' dir='ltr'><strong>etiam</strong></span> <span class='ocrx_word' id='word_1_102' title='bbox 660 1545 753 1611; x_wconf 93' lang='lat' dir='ltr'><strong>nobis</strong></span> <span class='ocrx_word' id='word_1_103' title='bbox 775 1566 839 1610; x_wconf 95' lang='lat' dir='ltr'><strong>non</strong></span> <span class='ocrx_word' id='word_1_104' title='bbox 862 1545 1010 1611; x_wconf 89' lang='lat' dir='ltr'><strong>convenit</strong></span> <span class='ocrx_word' id='word_1_105' title='bbox 1032 1552 1098 1610; x_wconf 93' lang='lat' dir='ltr'><strong>tam</strong></span> <span class='ocrx_word' id='word_1_106' title='bbox 1120 1544 1228 1611; x_wconf 92' lang='lat' dir='ltr'><strong>nobile</strong></span> <span class='ocrx_word' id='word_1_107' title='bbox 1251 1545 1424 1629; x_wconf 88' lang='lat' dir='ltr'><strong>praeterire</strong></span> <span class='ocrx_word' id='word_1_108' title='bbox 1447 1545 1647 1610; x_wconf 90' lang='lat' dir='ltr'><strong>miraculum.</strong></span> <span class='ocrx_word' id='word_1_109' title='bbox 1694 1546 1874 1610; x_wconf 85' lang='lat' dir='ltr'><strong>Nemeum</strong></span> <span class='ocrx_word' id='word_1_110' title='bbox 1896 1545 1928 1611; x_wconf 88' lang='lat' dir='ltr'>X</span> 
     </span>
     <span class='ocr_line' id='line_1_12' title="bbox 243 1647 1877 1733; baseline -0.003 -15"><span class='ocrx_word' id='word_1_111' title='bbox 243 1652 329 1719; x_wconf 88' lang='lat' dir='ltr'><strong>circa</strong></span> <span class='ocrx_word' id='word_1_112' title='bbox 351 1650 563 1717; x_wconf 83' lang='lat' dir='ltr'><strong>Gallinariam</strong></span> <span class='ocrx_word' id='word_1_113' title='bbox 591 1650 731 1714; x_wconf 91' lang='lat' dir='ltr'><strong>insulam</strong></span> <span class='ocrx_word' id='word_1_114' title='bbox 761 1648 1005 1733; x_wconf 88' lang='lat' dir='ltr'><strong>propinquaret,</strong></span> <span class='ocrx_word' id='word_1_115' title='bbox 1039 1648 1195 1714; x_wconf 88' lang='lat' dir='ltr'><strong>relatione</strong></span> <span class='ocrx_word' id='word_1_116' title='bbox 1225 1648 1399 1714; x_wconf 89' lang='lat' dir='ltr'><strong>vicinorum</strong></span> <span class='ocrx_word' id='word_1_117' title='bbox 1428 1650 1562 1732; x_wconf 87' lang='lat' dir='ltr'><strong>agnovit</strong></span> <span class='ocrx_word' id='word_1_118' title='bbox 1588 1648 1708 1714; x_wconf 93' lang='lat' dir='ltr'><strong>ibidem</strong></span> <span class='ocrx_word' id='word_1_119' title='bbox 1730 1647 1877 1732; x_wconf 88' lang='lat' dir='ltr'><strong>ingentia</strong></span> 
     </span>
     <span class='ocr_line' id='line_1_13' title="bbox 244 1751 1877 1841; baseline -0.004 -18"><span class='ocrx_word' id='word_1_120' title='bbox 244 1755 439 1841; x_wconf 90' lang='lat' dir='ltr'><strong>serpentium</strong></span> <span class='ocrx_word' id='word_1_121' title='bbox 470 1753 634 1818; x_wconf 89' lang='lat' dir='ltr'><strong>volumina</strong></span> <span class='ocrx_word' id='word_1_122' title='bbox 663 1752 733 1817; x_wconf 92' lang='lat' dir='ltr'><strong>sine</strong></span> <span class='ocrx_word' id='word_1_123' title='bbox 756 1773 888 1818; x_wconf 93' lang='lat' dir='ltr'><strong>numero</strong></span> <span class='ocrx_word' id='word_1_124' title='bbox 910 1751 1096 1836; x_wconf 90' lang='lat' dir='ltr'><strong>pervagari,</strong></span> <span class='ocrx_word' id='word_1_125' title='bbox 1130 1759 1163 1817; x_wconf 91' lang='lat' dir='ltr'><strong>et</strong></span> <span class='ocrx_word' id='word_1_126' title='bbox 1184 1753 1223 1817; x_wconf 94' lang='lat' dir='ltr'><strong>ob</strong></span> <span class='ocrx_word' id='word_1_127' title='bbox 1247 1752 1306 1818; x_wconf 91' lang='lat' dir='ltr'><strong>hoc</strong></span> <span class='ocrx_word' id='word_1_128' title='bbox 1329 1753 1477 1837; x_wconf 87' lang='lat' dir='ltr'><strong>quamvis</strong></span> <span class='ocrx_word' id='word_1_129' title='bbox 1499 1753 1566 1819; x_wconf 91' lang='lat' dir='ltr'><strong>illis</strong></span> <span class='ocrx_word' id='word_1_130' title='bbox 1588 1752 1749 1819; x_wconf 81' lang='lat' dir='ltr'><strong>rideretur</strong></span> <span class='ocrx_word' id='word_1_131' title='bbox 1770 1752 1877 1818; x_wconf 87' lang='lat' dir='ltr'><strong>vicina</strong></span> 
     </span>
     <span class='ocr_line' id='line_1_14' title="bbox 243 1855 1875 1945; baseline -0.002 -20"><span class='ocrx_word' id='word_1_132' title='bbox 243 1866 372 1945; x_wconf 91' lang='lat' dir='ltr'><strong>propter</strong></span> <span class='ocrx_word' id='word_1_133' title='bbox 393 1857 650 1923; x_wconf 81' lang='lat' dir='ltr'><strong>inaccessibilem</strong></span> <span class='ocrx_word' id='word_1_134' title='bbox 673 1857 776 1921; x_wconf 93' lang='lat' dir='ltr'><strong>locum</strong></span> <span class='ocrx_word' id='word_1_135' title='bbox 800 1856 927 1939; x_wconf 90' lang='lat' dir='ltr'><strong>longius</strong></span> <span class='ocrx_word' id='word_1_136' title='bbox 946 1856 1014 1922; x_wconf 89' lang='lat' dir='ltr'><strong>illia</strong></span> <span class='ocrx_word' id='word_1_137' title='bbox 1029 1855 1201 1921; x_wconf 83' lang='lat' dir='ltr'><strong>ridebatur</strong></span> <span class='ocrx_word' id='word_1_138' title='bbox 1216 1875 1288 1922; x_wconf 90' lang='lat' dir='ltr'><strong>esse</strong></span> <span class='ocrx_word' id='word_1_139' title='bbox 1304 1877 1400 1940; x_wconf 93' lang='lat' dir='ltr'><strong>quam</strong></span> <span class='ocrx_word' id='word_1_140' title='bbox 1416 1856 1538 1923; x_wconf 89' lang='lat' dir='ltr'><strong>Africa.</strong></span> <span class='ocrx_word' id='word_1_141' title='bbox 1591 1859 1652 1939; x_wconf 85' lang='grc'>(36)</span> <span class='ocrx_word' id='word_1_142' title='bbox 1680 1857 1749 1934; x_wconf 83' lang='lat' dir='ltr'><strong>Quo</strong></span> <span class='ocrx_word' id='word_1_143' title='bbox 1765 1855 1875 1921; x_wconf 88' lang='lat' dir='ltr'><strong>audito</strong></span> 
     </span>
     <span class='ocr_line' id='line_1_15' title="bbox 237 1959 1876 2044; baseline -0.002 -15"><span class='ocrx_word' id='word_1_144' title='bbox 237 1964 293 2029; x_wconf 70' lang='lat' dir='ltr'><strong>air</strong></span> <span class='ocrx_word' id='word_1_145' title='bbox 314 1963 367 2028; x_wconf 95' lang='lat' dir='ltr'><strong>dei</strong></span> <span class='ocrx_word' id='word_1_146' title='bbox 390 1962 532 2027; x_wconf 88' lang='lat' dir='ltr'><strong>sentiens</strong></span> <span class='ocrx_word' id='word_1_147' title='bbox 555 1960 615 2026; x_wconf 94' lang='lat' dir='ltr'><strong>sibi</strong></span> <span class='ocrx_word' id='word_1_148' title='bbox 639 1959 679 2025; x_wconf 93' lang='lat' dir='ltr'><strong>de</strong></span> <span class='ocrx_word' id='word_1_149' title='bbox 701 1959 830 2025; x_wconf 90' lang='lat' dir='ltr'><strong>bestiali</strong></span> <span class='ocrx_word' id='word_1_150' title='bbox 851 1980 962 2044; x_wconf 87' lang='lat' dir='ltr'><strong>pugna</strong></span> <span class='ocrx_word' id='word_1_151' title='bbox 986 1959 1095 2025; x_wconf 87' lang='lat' dir='ltr'><strong>venire</strong></span> <span class='ocrx_word' id='word_1_152' title='bbox 1119 1959 1297 2043; x_wconf 87' lang='lat' dir='ltr'><strong>victoriam,</strong></span> <span class='ocrx_word' id='word_1_153' title='bbox 1324 1960 1357 2025; x_wconf 93' lang='lat' dir='ltr'><strong>in</strong></span> <span class='ocrx_word' id='word_1_154' title='bbox 1377 1961 1506 2026; x_wconf 90' lang='lat' dir='ltr'><strong>nomine</strong></span> <span class='ocrx_word' id='word_1_155' title='bbox 1522 1960 1642 2026; x_wconf 91' lang='lat' dir='ltr'><strong>domiui</strong></span> <span class='ocrx_word' id='word_1_156' title='bbox 1663 1959 1876 2044; x_wconf 88' lang='lat' dir='ltr'><strong>praecedente</strong></span> 
     </span>
    </p>

    <p class='ocr_par' dir='ltr' id='par_1_6' title="bbox 195 2062 1877 2565">
     <span class='ocr_line' id='line_1_16' title="bbox 195 2062 1876 2148; baseline 0.001 -21"><span class='ocrx_word' id='word_1_157' title='bbox 195 2088 224 2128; x_wconf 80' lang='grc' dir='ltr'><strong>ιο</strong></span> <span class='ocrx_word' id='word_1_158' title='bbox 245 2067 347 2132; x_wconf 91' lang='lat' dir='ltr'><strong>crucis</strong></span> <span class='ocrx_word' id='word_1_159' title='bbox 376 2065 497 2130; x_wconf 82' lang='lat' dir='ltr'><strong>auxilio</strong></span> <span class='ocrx_word' id='word_1_160' title='bbox 528 2063 696 2130; x_wconf 91' lang='lat' dir='ltr'><strong>descendit</strong></span> <span class='ocrx_word' id='word_1_161' title='bbox 724 2062 757 2127; x_wconf 93' lang='lat' dir='ltr'><strong>in</strong></span> <span class='ocrx_word' id='word_1_162' title='bbox 787 2063 941 2128; x_wconf 88' lang='lat' dir='ltr'><strong>insulam:</strong></span> <span class='ocrx_word' id='word_1_163' title='bbox 977 2084 1015 2129; x_wconf 91' lang='lat' dir='ltr'><strong>eo</strong></span> <span class='ocrx_word' id='word_1_164' title='bbox 1046 2063 1116 2128; x_wconf 84' lang='lat' dir='ltr'><strong>viso</strong></span> <span class='ocrx_word' id='word_1_165' title='bbox 1148 2071 1312 2148; x_wconf 88' lang='lat' dir='ltr'><strong>serpentes</strong></span> <span class='ocrx_word' id='word_1_166' title='bbox 1335 2063 1369 2129; x_wconf 95' lang='lat' dir='ltr'><strong>in</strong></span> <span class='ocrx_word' id='word_1_167' title='bbox 1391 2065 1502 2147; x_wconf 87' lang='lat' dir='ltr'><strong>fugam</strong></span> <span class='ocrx_word' id='word_1_168' title='bbox 1526 2065 1669 2130; x_wconf 87' lang='lat' dir='ltr'><strong>conversi</strong></span> <span class='ocrx_word' id='word_1_169' title='bbox 1692 2070 1780 2146; x_wconf 90' lang='lat' dir='ltr'><strong>sunt,</strong></span> <span class='ocrx_word' id='word_1_170' title='bbox 1813 2083 1876 2128; x_wconf 90' lang='lat' dir='ltr'><strong>uon</strong></span> 
     </span>
     <span class='ocr_line' id='line_1_17' title="bbox 243 2166 1876 2252; baseline -0.002 -16"><span class='ocrx_word' id='word_1_171' title='bbox 243 2171 417 2237; x_wconf 91' lang='lat' dir='ltr'><strong>tolerantes</strong></span> <span class='ocrx_word' id='word_1_172' title='bbox 440 2167 510 2233; x_wconf 91' lang='lat' dir='ltr'><strong>eius</strong></span> <span class='ocrx_word' id='word_1_173' title='bbox 532 2175 711 2252; x_wconf 90' lang='lat' dir='ltr'><strong>aspectum.</strong></span> <span class='ocrx_word' id='word_1_174' title='bbox 763 2170 823 2248; x_wconf 83' lang='grc'>(37)</span> <span class='ocrx_word' id='word_1_175' title='bbox 850 2168 941 2233; x_wconf 82' lang='lat' dir='ltr'><strong>Tunc</strong></span> <span class='ocrx_word' id='word_1_176' title='bbox 963 2167 1114 2233; x_wconf 92' lang='lat' dir='ltr'><strong>baculum</strong></span> <span class='ocrx_word' id='word_1_177' title='bbox 1136 2166 1240 2251; x_wconf 85' lang='lat' dir='ltr'><strong>figens</strong></span> <span class='ocrx_word' id='word_1_178' title='bbox 1263 2167 1296 2232; x_wconf 96' lang='lat' dir='ltr'><strong>in</strong></span> <span class='ocrx_word' id='word_1_179' title='bbox 1318 2176 1435 2234; x_wconf 90' lang='lat' dir='ltr'><strong>terram</strong></span> <span class='ocrx_word' id='word_1_180' title='bbox 1455 2169 1680 2252; x_wconf 87' lang='lat' dir='ltr'><strong>quasimetam</strong></span> <span class='ocrx_word' id='word_1_181' title='bbox 1697 2185 1876 2251; x_wconf 86' lang='lat' dir='ltr'><strong>quousque</strong></span> 
     </span>
     <span class='ocr_line' id='line_1_18' title="bbox 245 2269 1876 2355; baseline -0.002 -16"><span class='ocrx_word' id='word_1_182' title='bbox 245 2274 399 2339; x_wconf 92' lang='lat' dir='ltr'><strong>deberent</strong></span> <span class='ocrx_word' id='word_1_183' title='bbox 420 2291 590 2338; x_wconf 84' lang='lat' dir='ltr'><strong>excurrere</strong></span> <span class='ocrx_word' id='word_1_184' title='bbox 612 2270 738 2336; x_wconf 87' lang='lat' dir='ltr'><strong>virtutis</strong></span> <span class='ocrx_word' id='word_1_185' title='bbox 760 2270 903 2353; x_wconf 86' lang='lat' dir='ltr'><strong>potentia</strong></span> <span class='ocrx_word' id='word_1_186' title='bbox 926 2269 1126 2354; x_wconf 90' lang='lat' dir='ltr'><strong>designavit:</strong></span> <span class='ocrx_word' id='word_1_187' title='bbox 1159 2290 1220 2336; x_wconf 92' lang='lat' dir='ltr'><strong>neo</strong></span> <span class='ocrx_word' id='word_1_188' title='bbox 1241 2270 1381 2355; x_wconf 92' lang='lat' dir='ltr'><strong>amplius</strong></span> <span class='ocrx_word' id='word_1_189' title='bbox 1403 2278 1454 2336; x_wconf 92' lang='lat' dir='ltr'><strong>est</strong></span> <span class='ocrx_word' id='word_1_190' title='bbox 1474 2271 1542 2336; x_wconf 91' lang='lat' dir='ltr'><strong>illis</strong></span> <span class='ocrx_word' id='word_1_191' title='bbox 1564 2271 1697 2337; x_wconf 89' lang='lat' dir='ltr'><strong>libertas</strong></span> <span class='ocrx_word' id='word_1_192' title='bbox 1720 2289 1876 2355; x_wconf 92' lang='lat' dir='ltr'><strong>occupare</strong></span> 
     </span>
     <span class='ocr_line' id='line_1_19' title="bbox 245 2372 1876 2461; baseline -0.002 -19"><span class='ocrx_word' id='word_1_193' title='bbox 245 2377 330 2461; x_wconf 91' lang='lat' dir='ltr'><strong>quod</strong></span> <span class='ocrx_word' id='word_1_194' title='bbox 352 2375 463 2457; x_wconf 88' lang='lat' dir='ltr'><strong>vetuit,</strong></span> <span class='ocrx_word' id='word_1_195' title='bbox 489 2382 653 2458; x_wconf 84' lang='lat' dir='ltr'><strong>tamquam</strong></span> <span class='ocrx_word' id='word_1_196' title='bbox 675 2392 751 2458; x_wconf 89' lang='lat' dir='ltr'><strong>pars</strong></span> <span class='ocrx_word' id='word_1_197' title='bbox 774 2372 901 2438; x_wconf 90' lang='lat' dir='ltr'><strong>insulae</strong></span> <span class='ocrx_word' id='word_1_198' title='bbox 922 2394 986 2438; x_wconf 93' lang='lat' dir='ltr'><strong>non</strong></span> <span class='ocrx_word' id='word_1_199' title='bbox 1009 2374 1050 2439; x_wconf 93' lang='lat' dir='ltr'><strong>sit</strong></span> <span class='ocrx_word' id='word_1_200' title='bbox 1072 2379 1157 2439; x_wconf 92' lang='lat' dir='ltr'><strong>terra</strong></span> <span class='ocrx_word' id='word_1_201' title='bbox 1180 2372 1239 2439; x_wconf 92' lang='lat' dir='ltr'><strong>sed</strong></span> <span class='ocrx_word' id='word_1_202' title='bbox 1261 2374 1409 2457; x_wconf 85' lang='lat' dir='ltr'><strong>pelagus.</strong></span> <span class='ocrx_word' id='word_1_203' title='bbox 1451 2372 1514 2451; x_wconf 84' lang='lat' dir='ltr'><strong>Qui</strong></span> <span class='ocrx_word' id='word_1_204' title='bbox 1537 2374 1613 2438; x_wconf 95' lang='lat' dir='ltr'><strong>dum</strong></span> <span class='ocrx_word' id='word_1_205' title='bbox 1637 2393 1764 2457; x_wconf 90' lang='lat' dir='ltr'><strong>semper</strong></span> <span class='ocrx_word' id='word_1_206' title='bbox 1784 2373 1876 2439; x_wconf 92' lang='lat' dir='ltr'><strong>illam</strong></span> 
     </span>
     <span class='ocr_line' id='line_1_20' title="bbox 245 2477 1877 2565; baseline -0.002 -20"><span class='ocrx_word' id='word_1_207' title='bbox 245 2486 369 2565; x_wconf 89' lang='lat' dir='ltr'><strong>partem</strong></span> <span class='ocrx_word' id='word_1_208' title='bbox 392 2485 543 2546; x_wconf 87' lang='lat' dir='ltr'><strong>verentur</strong></span> <span class='ocrx_word' id='word_1_209' title='bbox 564 2478 733 2561; x_wconf 88' lang='lat' dir='ltr'><strong>attingere,</strong></span> <span class='ocrx_word' id='word_1_210' title='bbox 762 2477 889 2542; x_wconf 82' lang='lat' dir='ltr'><strong>facilius</strong></span> <span class='ocrx_word' id='word_1_211' title='bbox 911 2484 981 2544; x_wconf 87' lang='lat' dir='ltr'><strong>erat</strong></span> <span class='ocrx_word' id='word_1_212' title='bbox 1001 2477 1067 2542; x_wconf 89' lang='lat' dir='ltr'><strong>illis</strong></span> <span class='ocrx_word' id='word_1_213' title='bbox 1086 2498 1173 2543; x_wconf 93' lang='lat' dir='ltr'><strong>mare</strong></span> <span class='ocrx_word' id='word_1_214' title='bbox 1189 2477 1326 2544; x_wconf 90' lang='lat' dir='ltr'><strong>transire</strong></span> <span class='ocrx_word' id='word_1_215' title='bbox 1341 2497 1437 2560; x_wconf 92' lang='lat' dir='ltr'><strong>quam</strong></span> <span class='ocrx_word' id='word_1_216' title='bbox 1453 2496 1575 2543; x_wconf 88' lang='lat' dir='ltr'><strong>vocem.</strong></span> <span class='ocrx_word' id='word_1_217' title='bbox 1629 2477 1689 2561; x_wconf 84' lang='lat'>(38)</span> <span class='ocrx_word' id='word_1_218' title='bbox 1718 2477 1877 2543; x_wconf 89' lang='lat' dir='ltr'><strong>Oimmu-</strong></span> 
     </span>
    </p>

    <p class='ocr_par' dir='ltr' id='par_1_7' title="bbox 195 2579 1877 3079">
     <span class='ocr_line' id='line_1_21' title="bbox 195 2579 1877 2666; baseline 0.001 -22"><span class='ocrx_word' id='word_1_219' title='bbox 195 2583 377 2649; x_wconf 79' lang='lat' dir='ltr'><strong>rotabilem</strong></span> <span class='ocrx_word' id='word_1_220' title='bbox 402 2582 571 2648; x_wconf 90' lang='lat' dir='ltr'><strong>terminum</strong></span> <span class='ocrx_word' id='word_1_221' title='bbox 594 2580 635 2647; x_wconf 93' lang='lat' dir='ltr'><strong>de</strong></span> <span class='ocrx_word' id='word_1_222' title='bbox 658 2598 802 2647; x_wconf 89' lang='lat' dir='ltr'><strong>sermone</strong></span> <span class='ocrx_word' id='word_1_223' title='bbox 825 2581 1024 2666; x_wconf 89' lang='lat' dir='ltr'><strong>plantatum!</strong></span> <span class='ocrx_word' id='word_1_224' title='bbox 1051 2588 1186 2666; x_wconf 91' lang='lat' dir='ltr'><strong>apparet</strong></span> <span class='ocrx_word' id='word_1_225' title='bbox 1207 2589 1360 2664; x_wconf 91' lang='lat' dir='ltr'><strong>quantum</strong></span> <span class='ocrx_word' id='word_1_226' title='bbox 1383 2587 1433 2646; x_wconf 92' lang='lat' dir='ltr'><strong>est</strong></span> <span class='ocrx_word' id='word_1_227' title='bbox 1454 2580 1568 2646; x_wconf 89' lang='lat' dir='ltr'><strong>melior</strong></span> <span class='ocrx_word' id='word_1_228' title='bbox 1589 2580 1693 2645; x_wconf 88' lang='lat' dir='ltr'><strong>Adam</strong></span> <span class='ocrx_word' id='word_1_229' title='bbox 1717 2579 1877 2647; x_wconf 91' lang='lat' dir='ltr'><strong>secundus</strong></span> 
     </span>
     <span class='ocr_line' id='line_1_22' title="bbox 246 2683 1874 2770; baseline -0.001 -18"><span class='ocrx_word' id='word_1_230' title='bbox 246 2687 388 2770; x_wconf 90' lang='lat' dir='ltr'><strong>antiquo.</strong></span> <span class='ocrx_word' id='word_1_231' title='bbox 435 2686 497 2750; x_wconf 92' lang='lat' dir='ltr'><strong>Ille</strong></span> <span class='ocrx_word' id='word_1_232' title='bbox 528 2685 670 2769; x_wconf 90' lang='lat' dir='ltr'><strong>serpenti</strong></span> <span class='ocrx_word' id='word_1_233' title='bbox 699 2686 821 2769; x_wconf 90' lang='lat' dir='ltr'><strong>paruit,</strong></span> <span class='ocrx_word' id='word_1_234' title='bbox 854 2684 915 2750; x_wconf 92' lang='lat' dir='ltr'><strong>iste</strong></span> <span class='ocrx_word' id='word_1_235' title='bbox 946 2703 1056 2750; x_wconf 86' lang='lat' dir='ltr'><strong>servos</strong></span> <span class='ocrx_word' id='word_1_236' title='bbox 1084 2686 1200 2767; x_wconf 90' lang='lat' dir='ltr'><strong>habet,</strong></span> <span class='ocrx_word' id='word_1_237' title='bbox 1234 2684 1289 2768; x_wconf 92' lang='lat' dir='ltr'><strong>qui</strong></span> <span class='ocrx_word' id='word_1_238' title='bbox 1320 2689 1456 2769; x_wconf 90' lang='lat' dir='ltr'><strong>possunt</strong></span> <span class='ocrx_word' id='word_1_239' title='bbox 1480 2685 1683 2769; x_wconf 88' lang='lat' dir='ltr'><strong>serpentibus</strong></span> <span class='ocrx_word' id='word_1_240' title='bbox 1704 2683 1874 2770; x_wconf 87' lang='lat' dir='ltr'><strong>imperare.</strong></span> 
     </span>
     <span class='ocr_line' id='line_1_23' title="bbox 245 2787 1877 2874; baseline -0.001 -19"><span class='ocrx_word' id='word_1_241' title='bbox 245 2791 306 2855; x_wconf 91' lang='lat' dir='ltr'><strong>llle</strong></span> <span class='ocrx_word' id='word_1_242' title='bbox 335 2809 393 2874; x_wconf 91' lang='lat' dir='ltr'><strong>per</strong></span> <span class='ocrx_word' id='word_1_243' title='bbox 422 2789 559 2854; x_wconf 90' lang='lat' dir='ltr'><strong>bestiam</strong></span> <span class='ocrx_word' id='word_1_244' title='bbox 590 2788 631 2854; x_wconf 91' lang='lat' dir='ltr'><strong>de</strong></span> <span class='ocrx_word' id='word_1_245' title='bbox 661 2788 739 2854; x_wconf 89' lang='lat' dir='ltr'><strong>sede</strong></span> <span class='ocrx_word' id='word_1_246' title='bbox 763 2787 917 2872; x_wconf 80' lang='lat' dir='ltr'><strong>paradysi</strong></span> <span class='ocrx_word' id='word_1_247' title='bbox 939 2787 1100 2873; x_wconf 92' lang='lat' dir='ltr'><strong>proiectus</strong></span> <span class='ocrx_word' id='word_1_248' title='bbox 1123 2797 1182 2871; x_wconf 91' lang='lat' dir='ltr'><strong>est,</strong></span> <span class='ocrx_word' id='word_1_249' title='bbox 1208 2789 1270 2855; x_wconf 91' lang='lat' dir='ltr'><strong>iste</strong></span> <span class='ocrx_word' id='word_1_250' title='bbox 1293 2788 1334 2855; x_wconf 91' lang='lat' dir='ltr'><strong>de</strong></span> <span class='ocrx_word' id='word_1_251' title='bbox 1356 2788 1424 2854; x_wconf 91' lang='lat' dir='ltr'><strong>suis</strong></span> <span class='ocrx_word' id='word_1_252' title='bbox 1447 2788 1607 2854; x_wconf 92' lang='lat' dir='ltr'><strong>cubilibus</strong></span> <span class='ocrx_word' id='word_1_253' title='bbox 1631 2795 1797 2872; x_wconf 88' lang='lat' dir='ltr'><strong>serpentes</strong></span> <span class='ocrx_word' id='word_1_254' title='bbox 1819 2808 1877 2854; x_wconf 85' lang='lat' dir='ltr'><strong>ex-</strong></span> 
     </span>
     <span class='ocr_line' id='line_1_24' title="bbox 245 2890 1876 2977; baseline 0.001 -18"><span class='ocrx_word' id='word_1_255' title='bbox 245 2893 350 2959; x_wconf 90' lang='lat' dir='ltr'><strong>clusit.</strong></span> <span class='ocrx_word' id='word_1_256' title='bbox 398 2891 554 2976; x_wconf 91' lang='lat' dir='ltr'><strong>Deposuit</strong></span> <span class='ocrx_word' id='word_1_257' title='bbox 584 2893 701 2975; x_wconf 89' lang='lat' dir='ltr'><strong>anguis</strong></span> <span class='ocrx_word' id='word_1_258' title='bbox 731 2892 897 2974; x_wconf 88' lang='lat' dir='ltr'><strong>antiquum</strong></span> <span class='ocrx_word' id='word_1_259' title='bbox 919 2891 1122 2958; x_wconf 90' lang='lat' dir='ltr'><strong>mendacium</strong></span> <span class='ocrx_word' id='word_1_260' title='bbox 1146 2892 1200 2974; x_wconf 92' lang='lat' dir='ltr'><strong>qui</strong></span> <span class='ocrx_word' id='word_1_261' title='bbox 1223 2892 1334 2958; x_wconf 89' lang='lat' dir='ltr'><strong>didicit</strong></span> <span class='ocrx_word' id='word_1_262' title='bbox 1355 2892 1489 2977; x_wconf 91' lang='lat' dir='ltr'><strong>implere</strong></span> <span class='ocrx_word' id='word_1_263' title='bbox 1512 2890 1710 2957; x_wconf 87' lang='lat' dir='ltr'><strong>mandatum.</strong></span> <span class='ocrx_word' id='word_1_264' title='bbox 1760 2891 1876 2977; x_wconf 82' lang='grc'>(39)0</span> 
     </span>
     <span class='ocr_line' id='line_1_25' title="bbox 245 2994 1873 3079; baseline 0.001 -18"><span class='ocrx_word' id='word_1_265' title='bbox 245 2995 361 3061; x_wconf 89' lang='lat' dir='ltr'><strong>Hilarii</strong></span> <span class='ocrx_word' id='word_1_266' title='bbox 383 2994 530 3078; x_wconf 82' lang='lat' dir='ltr'><strong>dulcedo,</strong></span> <span class='ocrx_word' id='word_1_267' title='bbox 557 2996 825 3062; x_wconf 89' lang='lat' dir='ltr'><strong>medicamentum</strong></span> <span class='ocrx_word' id='word_1_268' title='bbox 849 3002 881 3060; x_wconf 92' lang='lat' dir='ltr'><strong>et</strong></span> <span class='ocrx_word' id='word_1_269' title='bbox 902 2995 1061 3077; x_wconf 92' lang='lat' dir='ltr'><strong>meritum,</strong></span> <span class='ocrx_word' id='word_1_270' title='bbox 1087 3001 1161 3060; x_wconf 93' lang='lat' dir='ltr'><strong>ante</strong></span> <span class='ocrx_word' id='word_1_271' title='bbox 1185 3015 1279 3078; x_wconf 91' lang='lat' dir='ltr'><strong>quem</strong></span> <span class='ocrx_word' id='word_1_272' title='bbox 1302 2995 1372 3062; x_wconf 90' lang='lat' dir='ltr'><strong>sine</strong></span> <span class='ocrx_word' id='word_1_273' title='bbox 1394 3015 1483 3062; x_wconf 90' lang='lat' dir='ltr'><strong>mora</strong></span> <span class='ocrx_word' id='word_1_274' title='bbox 1506 3015 1631 3061; x_wconf 86' lang='lat' dir='ltr'><strong>venena</strong></span> <span class='ocrx_word' id='word_1_275' title='bbox 1654 2994 1873 3079; x_wconf 83' lang='lat' dir='ltr'><strong>iugatasuntl</strong></span> 
     </span>
    </p>

    <p class='ocr_par' dir='ltr' id='par_1_8' title="bbox 196 3097 1878 3270">
     <span class='ocr_line' id='line_1_26' title="bbox 196 3097 1878 3184; baseline 0.002 -22"><span class='ocrx_word' id='word_1_276' title='bbox 196 3120 226 3163; x_wconf 79' lang='grc' dir='ltr'><strong>οο</strong></span> <span class='ocrx_word' id='word_1_277' title='bbox 246 3099 381 3166; x_wconf 88' lang='lat' dir='ltr'><strong>Addidit</strong></span> <span class='ocrx_word' id='word_1_278' title='bbox 401 3107 518 3165; x_wconf 89' lang='lat' dir='ltr'><strong>terram</strong></span> <span class='ocrx_word' id='word_1_279' title='bbox 542 3100 740 3181; x_wconf 93' lang='lat' dir='ltr'><strong>homiuibus,</strong></span> <span class='ocrx_word' id='word_1_280' title='bbox 775 3099 852 3184; x_wconf 90' lang='lat' dir='ltr'><strong>quia</strong></span> <span class='ocrx_word' id='word_1_281' title='bbox 873 3097 909 3164; x_wconf 93' lang='lat' dir='ltr'><strong>in</strong></span> <span class='ocrx_word' id='word_1_282' title='bbox 932 3099 1001 3164; x_wconf 92' lang='lat' dir='ltr'><strong>loco</strong></span> <span class='ocrx_word' id='word_1_283' title='bbox 1024 3098 1140 3164; x_wconf 91' lang='lat' dir='ltr'><strong>beluae</strong></span> <span class='ocrx_word' id='word_1_284' title='bbox 1163 3097 1270 3167; x_wconf 86' lang='lat' dir='ltr'><strong>incola</strong></span> <span class='ocrx_word' id='word_1_285' title='bbox 1291 3098 1545 3182; x_wconf 85' lang='lat' dir='ltr'><strong>transmigravit.</strong></span> <span class='ocrx_word' id='word_1_286' title='bbox 1591 3099 1658 3165; x_wconf 89' lang='lat' dir='ltr'><strong>Sed</strong></span> <span class='ocrx_word' id='word_1_287' title='bbox 1680 3105 1878 3166; x_wconf 87' lang='lat' dir='ltr'><strong>revertamur</strong></span> 
     </span>
     <span class='ocr_line' id='line_1_27' title="bbox 246 3203 466 3270; baseline -0.014 0"><span class='ocrx_word' id='word_1_288' title='bbox 246 3204 289 3270; x_wconf 89' lang='lat' dir='ltr'><strong>ad</strong></span> <span class='ocrx_word' id='word_1_289' title='bbox 311 3203 466 3269; x_wconf 90' lang='lat' dir='ltr'><strong>ordinem.</strong></span> 
     </span>
    </p>

    <p class='ocr_par' dir='ltr' id='par_1_9' title="bbox 245 3302 1946 3599">
     <span class='ocr_line' id='line_1_28' title="bbox 337 3302 1946 3391; baseline 0.001 -21"><span class='ocrx_word' id='word_1_290' title='bbox 337 3311 397 3390; x_wconf 87' lang='grc'>(40)</span> <span class='ocrx_word' id='word_1_291' title='bbox 425 3308 505 3372; x_wconf 82' lang='lat' dir='ltr'><strong>Cum</strong></span> <span class='ocrx_word' id='word_1_292' title='bbox 528 3306 569 3372; x_wconf 94' lang='lat' dir='ltr'><strong>de</strong></span> <span class='ocrx_word' id='word_1_293' title='bbox 591 3306 689 3372; x_wconf 82' lang='lat' dir='ltr'><strong>exilio</strong></span> <span class='ocrx_word' id='word_1_294' title='bbox 711 3324 878 3389; x_wconf 81' lang='lat' dir='ltr'><strong>regressus</strong></span> <span class='ocrx_word' id='word_1_295' title='bbox 901 3302 1044 3370; x_wconf 84' lang='lat' dir='ltr'><strong>introivit</strong></span> <span class='ocrx_word' id='word_1_296' title='bbox 1066 3303 1224 3386; x_wconf 89' lang='lat' dir='ltr'><strong>Pictavis,</strong></span> <span class='ocrx_word' id='word_1_297' title='bbox 1259 3325 1381 3370; x_wconf 90' lang='lat' dir='ltr'><strong>summo</strong></span> <span class='ocrx_word' id='word_1_298' title='bbox 1411 3304 1521 3371; x_wconf 83' lang='lat' dir='ltr'><strong>favore</strong></span> <span class='ocrx_word' id='word_1_299' title='bbox 1543 3305 1745 3391; x_wconf 88' lang='lat' dir='ltr'><strong>plaudebant</strong></span> <span class='ocrx_word' id='word_1_300' title='bbox 1765 3325 1876 3373; x_wconf 90' lang='lat' dir='ltr'><strong>omnes</strong></span> <span class='ocrx_word' id='word_1_301' title='bbox 1898 3307 1946 3372; x_wconf 88' lang='lat' dir='ltr'><strong>XI</strong></span> 
     </span>
     <span class='ocr_line' id='line_1_29' title="bbox 245 3408 1876 3496; baseline 0.001 -21"><span class='ocrx_word' id='word_1_302' title='bbox 245 3411 382 3496; x_wconf 88' lang='lat' dir='ltr'><strong>pariter,</strong></span> <span class='ocrx_word' id='word_1_303' title='bbox 416 3430 453 3476; x_wconf 91' lang='lat' dir='ltr'><strong>eo</strong></span> <span class='ocrx_word' id='word_1_304' title='bbox 483 3409 569 3492; x_wconf 92' lang='lat' dir='ltr'><strong>quod</strong></span> <span class='ocrx_word' id='word_1_305' title='bbox 598 3410 737 3475; x_wconf 90' lang='lat' dir='ltr'><strong>ecelesia</strong></span> <span class='ocrx_word' id='word_1_306' title='bbox 758 3409 935 3493; x_wconf 90' lang='lat' dir='ltr'><strong>recepisset</strong></span> <span class='ocrx_word' id='word_1_307' title='bbox 957 3408 1156 3494; x_wconf 91' lang='lat' dir='ltr'><strong>pontificem,</strong></span> <span class='ocrx_word' id='word_1_308' title='bbox 1192 3428 1270 3491; x_wconf 81' lang='lat' dir='ltr'><strong>grex</strong></span> <span class='ocrx_word' id='word_1_309' title='bbox 1293 3416 1469 3494; x_wconf 91' lang='lat' dir='ltr'><strong>pastorem:</strong></span> <span class='ocrx_word' id='word_1_310' title='bbox 1505 3417 1539 3475; x_wconf 93' lang='lat' dir='ltr'><strong>et</strong></span> <span class='ocrx_word' id='word_1_311' title='bbox 1560 3430 1599 3476; x_wconf 89' lang='lat' dir='ltr'><strong>ac</strong></span> <span class='ocrx_word' id='word_1_312' title='bbox 1620 3410 1648 3475; x_wconf 91' lang='lat' dir='ltr'><strong>si</strong></span> <span class='ocrx_word' id='word_1_313' title='bbox 1671 3430 1781 3476; x_wconf 90' lang='lat' dir='ltr'><strong>omnes</strong></span> <span class='ocrx_word' id='word_1_314' title='bbox 1804 3431 1876 3477; x_wconf 92' lang='lat' dir='ltr'><strong>oum</strong></span> 
     </span>
     <span class='ocr_line' id='line_1_30' title="bbox 245 3511 1587 3599; baseline -0.001 -21"><span class='ocrx_word' id='word_1_315' title='bbox 245 3515 316 3599; x_wconf 89' lang='lat' dir='ltr'><strong>ipso</strong></span> <span class='ocrx_word' id='word_1_316' title='bbox 338 3521 413 3579; x_wconf 90' lang='lat' dir='ltr'><strong>tunc</strong></span> <span class='ocrx_word' id='word_1_317' title='bbox 436 3512 597 3578; x_wconf 91' lang='lat' dir='ltr'><strong>redissent</strong></span> <span class='ocrx_word' id='word_1_318' title='bbox 618 3513 661 3578; x_wconf 86' lang='lat' dir='ltr'><strong>ad</strong></span> <span class='ocrx_word' id='word_1_319' title='bbox 683 3512 831 3597; x_wconf 90' lang='lat' dir='ltr'><strong>patriam,</strong></span> <span class='ocrx_word' id='word_1_320' title='bbox 857 3513 902 3577; x_wconf 90' lang='lat' dir='ltr'><strong>ita</strong></span> <span class='ocrx_word' id='word_1_321' title='bbox 925 3512 995 3578; x_wconf 93' lang='lat' dir='ltr'><strong>sine</strong></span> <span class='ocrx_word' id='word_1_322' title='bbox 1018 3512 1075 3577; x_wconf 94' lang='lat' dir='ltr'><strong>illo</strong></span> <span class='ocrx_word' id='word_1_323' title='bbox 1098 3532 1134 3578; x_wconf 91' lang='lat' dir='ltr'><strong>se</strong></span> <span class='ocrx_word' id='word_1_324' title='bbox 1157 3512 1268 3577; x_wconf 82' lang='lat' dir='ltr'><strong>exules</strong></span> <span class='ocrx_word' id='word_1_325' title='bbox 1291 3511 1391 3577; x_wconf 84' lang='lat' dir='ltr'><strong>fuisse</strong></span> <span class='ocrx_word' id='word_1_326' title='bbox 1414 3511 1587 3578; x_wconf 88' lang='lat' dir='ltr'><strong>deflebant.</strong></span> 
     </span>
    </p>

    <p class='ocr_par' dir='ltr' id='par_1_10' title="bbox 196 3615 1965 4012">
     <span class='ocr_line' id='line_1_31' title="bbox 196 3615 1965 3700; baseline 0.001 -20"><span class='ocrx_word' id='word_1_327' title='bbox 196 3639 226 3680; x_wconf 84' lang='grc' dir='ltr'><strong>οο</strong></span> <span class='ocrx_word' id='word_1_328' title='bbox 338 3618 398 3698; x_wconf 88' lang='grc'>(41)</span> <span class='ocrx_word' id='word_1_329' title='bbox 425 3617 539 3697; x_wconf 93' lang='lat' dir='ltr'><strong>Itaque</strong></span> <span class='ocrx_word' id='word_1_330' title='bbox 562 3616 691 3680; x_wconf 92' lang='lat' dir='ltr'><strong>beatum</strong></span> <span class='ocrx_word' id='word_1_331' title='bbox 707 3616 877 3680; x_wconf 86' lang='lat' dir='ltr'><strong>Martinum</strong></span> <span class='ocrx_word' id='word_1_332' title='bbox 901 3615 934 3680; x_wconf 94' lang='lat' dir='ltr'><strong>in</strong></span> <span class='ocrx_word' id='word_1_333' title='bbox 956 3615 1026 3681; x_wconf 82' lang='lat' dir='ltr'><strong>vico</strong></span> <span class='ocrx_word' id='word_1_334' title='bbox 1051 3615 1239 3682; x_wconf 86' lang='lat' dir='ltr'><strong>Locoteiaeo</strong></span> <span class='ocrx_word' id='word_1_335' title='bbox 1263 3615 1339 3680; x_wconf 93' lang='lat' dir='ltr'><strong>dum</strong></span> <span class='ocrx_word' id='word_1_336' title='bbox 1361 3615 1581 3700; x_wconf 91' lang='lat' dir='ltr'><strong>praecepisset</strong></span> <span class='ocrx_word' id='word_1_337' title='bbox 1602 3615 1785 3698; x_wconf 86' lang='lat' dir='ltr'><strong>consistere,</strong></span> <span class='ocrx_word' id='word_1_338' title='bbox 1812 3617 1878 3683; x_wconf 81' lang='lat' dir='ltr'><strong>vir-</strong></span> <span class='ocrx_word' id='word_1_339' title='bbox 1901 3618 1965 3684; x_wconf 86' lang='lat' dir='ltr'><strong>XII</strong></span> 
     </span>
     <span class='ocr_line' id='line_1_32' title="bbox 246 3717 1876 3805; baseline 0 -20"><span class='ocrx_word' id='word_1_340' title='bbox 246 3727 313 3786; x_wconf 91' lang='lat' dir='ltr'><strong>tute</strong></span> <span class='ocrx_word' id='word_1_341' title='bbox 337 3718 446 3784; x_wconf 86' lang='lat' dir='ltr'><strong>divina</strong></span> <span class='ocrx_word' id='word_1_342' title='bbox 467 3718 585 3784; x_wconf 91' lang='lat' dir='ltr'><strong>meruit</strong></span> <span class='ocrx_word' id='word_1_343' title='bbox 606 3719 652 3783; x_wconf 93' lang='lat' dir='ltr'><strong>ibi</strong></span> <span class='ocrx_word' id='word_1_344' title='bbox 675 3726 832 3784; x_wconf 92' lang='lat' dir='ltr'><strong>mortuum</strong></span> <span class='ocrx_word' id='word_1_345' title='bbox 856 3717 1022 3783; x_wconf 90' lang='lat' dir='ltr'><strong>suscitare.</strong></span> <span class='ocrx_word' id='word_1_346' title='bbox 1076 3720 1137 3802; x_wconf 75' lang='grc'>(42)</span> <span class='ocrx_word' id='word_1_347' title='bbox 1165 3720 1240 3784; x_wconf 88' lang='lat' dir='ltr'><strong>Post</strong></span> <span class='ocrx_word' id='word_1_348' title='bbox 1266 3718 1387 3801; x_wconf 90' lang='lat' dir='ltr'><strong>aliquot</strong></span> <span class='ocrx_word' id='word_1_349' title='bbox 1410 3719 1481 3784; x_wconf 90' lang='lat' dir='ltr'><strong>dies</strong></span> <span class='ocrx_word' id='word_1_350' title='bbox 1503 3719 1611 3786; x_wconf 87' lang='lat' dir='ltr'><strong>inians</strong></span> <span class='ocrx_word' id='word_1_351' title='bbox 1634 3721 1703 3786; x_wconf 92' lang='lat' dir='ltr'><strong>sine</strong></span> <span class='ocrx_word' id='word_1_352' title='bbox 1725 3720 1876 3805; x_wconf 91' lang='lat' dir='ltr'><strong>baptismi</strong></span> 
     </span>
     <span class='ocr_line' id='line_1_33' title="bbox 247 3820 1877 3910; baseline 0.001 -22"><span class='ocrx_word' id='word_1_353' title='bbox 247 3820 489 3906; x_wconf 86' lang='lat' dir='ltr'><strong>regeneratione</strong></span> <span class='ocrx_word' id='word_1_354' title='bbox 505 3821 676 3888; x_wconf 83' lang='lat' dir='ltr'><strong>defunctus</strong></span> <span class='ocrx_word' id='word_1_355' title='bbox 691 3829 756 3888; x_wconf 91' lang='lat' dir='ltr'><strong>est:</strong></span> <span class='ocrx_word' id='word_1_356' title='bbox 778 3822 900 3906; x_wconf 92' lang='lat' dir='ltr'><strong>duplici</strong></span> <span class='ocrx_word' id='word_1_357' title='bbox 916 3828 1016 3888; x_wconf 93' lang='lat' dir='ltr'><strong>morte</strong></span> <span class='ocrx_word' id='word_1_358' title='bbox 1032 3822 1202 3888; x_wconf 91' lang='lat' dir='ltr'><strong>damnatus</strong></span> <span class='ocrx_word' id='word_1_359' title='bbox 1216 3829 1419 3908; x_wconf 90' lang='lat' dir='ltr'><strong>praesentem</strong></span> <span class='ocrx_word' id='word_1_360' title='bbox 1436 3823 1540 3889; x_wconf 92' lang='lat' dir='ltr'><strong>lucem</strong></span> <span class='ocrx_word' id='word_1_361' title='bbox 1554 3824 1708 3890; x_wconf 86' lang='lat' dir='ltr'><strong>amiserat</strong></span> <span class='ocrx_word' id='word_1_362' title='bbox 1724 3832 1756 3891; x_wconf 91' lang='lat' dir='ltr'><strong>et</strong></span> <span class='ocrx_word' id='word_1_363' title='bbox 1771 3844 1877 3910; x_wconf 84' lang='lat' dir='ltr'><strong>poena</strong></span> 
     </span>
     <span class='ocr_line' id='line_1_34' title="bbox 246 3924 1876 4012; baseline 0.001 -20"><span class='ocrx_word' id='word_1_364' title='bbox 246 3925 344 3992; x_wconf 86' lang='lat' dir='ltr'><strong>futuri</strong></span> <span class='ocrx_word' id='word_1_365' title='bbox 367 3925 490 3991; x_wconf 91' lang='lat' dir='ltr'><strong>saeculi</strong></span> <span class='ocrx_word' id='word_1_366' title='bbox 511 3947 574 3992; x_wconf 92' lang='lat' dir='ltr'><strong>non</strong></span> <span class='ocrx_word' id='word_1_367' title='bbox 597 3926 734 3991; x_wconf 90' lang='lat' dir='ltr'><strong>carebat.</strong></span> <span class='ocrx_word' id='word_1_368' title='bbox 787 3928 848 4011; x_wconf 88' lang='grc'>(43)</span> <span class='ocrx_word' id='word_1_369' title='bbox 876 3928 967 3991; x_wconf 82' lang='lat' dir='ltr'><strong>Tunc</strong></span> <span class='ocrx_word' id='word_1_370' title='bbox 990 3931 1092 3992; x_wconf 91' lang='lat' dir='ltr'><strong>mater</strong></span> <span class='ocrx_word' id='word_1_371' title='bbox 1114 3924 1264 4009; x_wconf 82' lang='lat' dir='ltr'><strong>extincti,</strong></span> <span class='ocrx_word' id='word_1_372' title='bbox 1290 3947 1373 4009; x_wconf 91' lang='lat' dir='ltr'><strong>quae</strong></span> <span class='ocrx_word' id='word_1_373' title='bbox 1395 3925 1460 3992; x_wconf 87' lang='lat' dir='ltr'><strong>iam</strong></span> <span class='ocrx_word' id='word_1_374' title='bbox 1483 3933 1586 3993; x_wconf 87' lang='lat' dir='ltr'><strong>mater</strong></span> <span class='ocrx_word' id='word_1_375' title='bbox 1607 3948 1671 3992; x_wconf 95' lang='lat' dir='ltr'><strong>non</strong></span> <span class='ocrx_word' id='word_1_376' title='bbox 1694 3934 1771 4012; x_wconf 89' lang='lat' dir='ltr'><strong>erat,</strong></span> <span class='ocrx_word' id='word_1_377' title='bbox 1799 3928 1876 3994; x_wconf 92' lang='lat' dir='ltr'><strong>dum</strong></span> 
     </span>
    </p>
   </div>
   <div class='ocr_carea' id='block_1_3' title="bbox 246 4204 1875 4876">
    <p class='ocr_par' dir='ltr' id='par_1_11' title="bbox 334 4204 1351 4267">
     <span class='ocr_line' id='line_1_35' title="bbox 334 4204 1351 4267; baseline -0.003 -11"><span class='ocrx_word' id='word_1_378' title='bbox 334 4206 462 4266; x_wconf 69' lang='lat' dir='ltr'><strong>teotpu.</strong></span> <span class='ocrx_word' id='word_1_379' title='bbox 484 4206 540 4255; x_wconf 80' lang='lat' dir='ltr'><strong>Sco.</strong></span> <span class='ocrx_word' id='word_1_380' title='bbox 567 4205 592 4253; x_wconf 99' lang='lat' dir='ltr'><strong>V.</strong></span> <span class='ocrx_word' id='word_1_381' title='bbox 615 4204 689 4253; x_wconf 81' lang='lat' dir='ltr'><strong>Mart.</strong></span> <span class='ocrx_word' id='word_1_382' title='bbox 710 4209 736 4266; x_wconf 79' lang='grc'><strong>5,</strong></span> <span class='ocrx_word' id='word_1_383' title='bbox 757 4207 773 4253; x_wconf 76' lang='lat'><em>2</em></span> <span class='ocrx_word' id='word_1_384' title='bbox 791 4207 877 4267; x_wconf 89' lang='lat' dir='ltr'><strong>itaque</strong></span> <span class='ocrx_word' id='word_1_385' title='bbox 896 4206 1044 4254; x_wconf 84' lang='lat' dir='ltr'><strong>exorcistam</strong></span> <span class='ocrx_word' id='word_1_386' title='bbox 1063 4219 1121 4253; x_wconf 90' lang='lat' dir='ltr'><strong>eum</strong></span> <span class='ocrx_word' id='word_1_387' title='bbox 1140 4219 1195 4253; x_wconf 87' lang='lat' dir='ltr'><strong>esse</strong></span> <span class='ocrx_word' id='word_1_388' title='bbox 1214 4206 1351 4267; x_wconf 84' lang='lat' dir='ltr'><strong>proecepit.</strong></span> 
     </span>
    </p>

    <p class='ocr_par' dir='ltr' id='par_1_12' title="bbox 247 4292 1875 4527">
     <span class='ocr_line' id='line_1_36' title="bbox 333 4292 1875 4355; baseline 0.001 -13"><span class='ocrx_word' id='word_1_389' title='bbox 333 4292 358 4341; x_wconf 83' lang='lat'><strong>5.</strong></span> <span class='ocrx_word' id='word_1_390' title='bbox 379 4292 395 4342; x_wconf 91' lang='grc'>6</span> <span class='ocrx_word' id='word_1_391' title='bbox 420 4293 451 4340; x_wconf 88' lang='lat' dir='ltr'><strong>ib.</strong></span> <span class='ocrx_word' id='word_1_392' title='bbox 473 4294 503 4353; x_wconf 80' lang='grc'><strong>6,</strong></span> <span class='ocrx_word' id='word_1_393' title='bbox 527 4294 541 4338; x_wconf 82' lang='grc'>7</span> <span class='ocrx_word' id='word_1_394' title='bbox 564 4305 610 4338; x_wconf 90' lang='lat' dir='ltr'><strong>nec</strong></span> <span class='ocrx_word' id='word_1_395' title='bbox 632 4293 712 4339; x_wconf 88' lang='lat' dir='ltr'><strong>multo</strong></span> <span class='ocrx_word' id='word_1_396' title='bbox 737 4298 808 4353; x_wconf 87' lang='lat' dir='ltr'><strong>post,</strong></span> <span class='ocrx_word' id='word_1_397' title='bbox 835 4307 890 4339; x_wconf 92' lang='lat' dir='ltr'><strong>cum</strong></span> <span class='ocrx_word' id='word_1_398' title='bbox 913 4299 998 4341; x_wconf 86' lang='lat' dir='ltr'><strong>sancto</strong></span> <span class='ocrx_word' id='word_1_399' title='bbox 1016 4292 1112 4340; x_wconf 89' lang='lat' dir='ltr'><strong>Hilario</strong></span> <span class='ocrx_word' id='word_1_400' title='bbox 1135 4294 1296 4355; x_wconf 87' lang='lat' dir='ltr'><strong>comperisset</strong></span> <span class='ocrx_word' id='word_1_401' title='bbox 1320 4293 1386 4353; x_wconf 80' lang='lat' dir='ltr'><strong>regis</strong></span> <span class='ocrx_word' id='word_1_402' title='bbox 1410 4294 1567 4354; x_wconf 87' lang='lat' dir='ltr'><strong>paenitentia</strong></span> <span class='ocrx_word' id='word_1_403' title='bbox 1584 4298 1732 4355; x_wconf 86' lang='lat' dir='ltr'><strong>potestatem</strong></span> <span class='ocrx_word' id='word_1_404' title='bbox 1750 4294 1875 4344; x_wconf 89' lang='lat' dir='ltr'><strong>indultam</strong></span> 
     </span>
     <span class='ocr_line' id='line_1_37' title="bbox 247 4379 1875 4445; baseline 0.001 -16"><span class='ocrx_word' id='word_1_405' title='bbox 247 4382 327 4429; x_wconf 86' lang='lat' dir='ltr'><strong>inisse</strong></span> <span class='ocrx_word' id='word_1_406' title='bbox 345 4379 475 4439; x_wconf 87' lang='lat' dir='ltr'><strong>redeundi,</strong></span> <span class='ocrx_word' id='word_1_407' title='bbox 498 4379 589 4427; x_wconf 84' lang='lat' dir='ltr'><strong>Romae</strong></span> <span class='ocrx_word' id='word_1_408' title='bbox 607 4379 631 4425; x_wconf 88' lang='lat' dir='ltr'><strong>ai</strong></span> <span class='ocrx_word' id='word_1_409' title='bbox 649 4379 782 4439; x_wconf 82' lang='lat' dir='ltr'><strong>temptavit</strong></span> <span class='ocrx_word' id='word_1_410' title='bbox 800 4391 927 4428; x_wconf 88' lang='lat' dir='ltr'><strong>occurrere</strong></span> <span class='ocrx_word' id='word_1_411' title='bbox 949 4381 1126 4441; x_wconf 84' lang='lat' dir='ltr'><strong>proiectusque</strong></span> <span class='ocrx_word' id='word_1_412' title='bbox 1144 4380 1174 4427; x_wconf 92' lang='lat' dir='ltr'><strong>ad</strong></span> <span class='ocrx_word' id='word_1_413' title='bbox 1193 4381 1280 4427; x_wconf 89' lang='lat' dir='ltr'><strong>urbem</strong></span> <span class='ocrx_word' id='word_1_414' title='bbox 1299 4385 1345 4428; x_wconf 88' lang='lat' dir='ltr'><strong>est.</strong></span> <span class='ocrx_word' id='word_1_415' title='bbox 1392 4380 1424 4440; x_wconf 83' lang='grc'><strong>(7,</strong></span> <span class='ocrx_word' id='word_1_416' title='bbox 1448 4380 1469 4441; x_wconf 92' lang='grc'><strong>1)</strong></span> <span class='ocrx_word' id='word_1_417' title='bbox 1491 4393 1546 4428; x_wconf 91' lang='lat' dir='ltr'><strong>cum</strong></span> <span class='ocrx_word' id='word_1_418' title='bbox 1565 4380 1617 4427; x_wconf 87' lang='lat' dir='ltr'><strong>iam</strong></span> <span class='ocrx_word' id='word_1_419' title='bbox 1635 4379 1746 4430; x_wconf 81' lang='lat' dir='ltr'><strong>Hilarius</strong></span> <span class='ocrx_word' id='word_1_420' title='bbox 1763 4388 1875 4445; x_wconf 83' lang='lat' dir='ltr'><strong>praetcr-</strong></span> 
     </span>
     <span class='ocr_line' id='line_1_38' title="bbox 247 4466 812 4527; baseline -0.002 -11"><span class='ocrx_word' id='word_1_421' title='bbox 247 4470 317 4527; x_wconf 86' lang='lat' dir='ltr'><strong>isset,</strong></span> <span class='ocrx_word' id='word_1_422' title='bbox 337 4468 372 4514; x_wconf 86' lang='lat' dir='ltr'><strong>ita</strong></span> <span class='ocrx_word' id='word_1_423' title='bbox 390 4480 448 4514; x_wconf 89' lang='lat' dir='ltr'><strong>eum</strong></span> <span class='ocrx_word' id='word_1_424' title='bbox 466 4472 505 4514; x_wconf 87' lang='lat' dir='ltr'><strong>est</strong></span> <span class='ocrx_word' id='word_1_425' title='bbox 523 4466 637 4526; x_wconf 80' lang='lat' dir='ltr'><strong>vestigiis</strong></span> <span class='ocrx_word' id='word_1_426' title='bbox 656 4470 812 4527; x_wconf 85' lang='lat' dir='ltr'><strong>prosecutus.</strong></span> 
     </span>
    </p>

    <p class='ocr_par' dir='ltr' id='par_1_13' title="bbox 248 4551 1874 4703">
     <span class='ocr_line' id='line_1_39' title="bbox 332 4551 1874 4612; baseline 0.002 -10"><span class='ocrx_word' id='word_1_427' title='bbox 332 4552 365 4602; x_wconf 78' lang='lat'><strong>27</strong></span> <span class='ocrx_word' id='word_1_428' title='bbox 384 4554 486 4601; x_wconf 78' lang='lat' dir='ltr'><strong>Hieron.</strong></span> <span class='ocrx_word' id='word_1_429' title='bbox 507 4551 568 4600; x_wconf 83' lang='lat' dir='ltr'><strong>dial.</strong></span> <span class='ocrx_word' id='word_1_430' title='bbox 589 4557 675 4600; x_wconf 80' lang='lat' dir='ltr'><strong>cestro</strong></span> <span class='ocrx_word' id='word_1_431' title='bbox 694 4551 799 4612; x_wconf 57' lang='lat' dir='ltr'><strong>Lucet:</strong></span> <span class='ocrx_word' id='word_1_432' title='bbox 823 4558 884 4601; x_wconf 87' lang='lat' dir='ltr'><strong>tunc</strong></span> <span class='ocrx_word' id='word_1_433' title='bbox 908 4552 1032 4600; x_wconf 73' lang='lat' dir='ltr'><strong>Hilarium</strong></span> <span class='ocrx_word' id='word_1_434' title='bbox 1056 4565 1129 4599; x_wconf 88' lang='lat' dir='ltr'><strong>sunm</strong></span> <span class='ocrx_word' id='word_1_435' title='bbox 1154 4551 1186 4599; x_wconf 87' lang='lat' dir='ltr'><strong>de</strong></span> <span class='ocrx_word' id='word_1_436' title='bbox 1210 4552 1305 4612; x_wconf 87' lang='lat' dir='ltr'><strong>proelio</strong></span> <span class='ocrx_word' id='word_1_437' title='bbox 1329 4556 1497 4600; x_wconf 85' lang='lat' dir='ltr'><strong>revertentem</strong></span> <span class='ocrx_word' id='word_1_438' title='bbox 1522 4552 1657 4601; x_wconf 85' lang='lat' dir='ltr'><strong>Galliarum</strong></span> <span class='ocrx_word' id='word_1_439' title='bbox 1680 4554 1786 4604; x_wconf 87' lang='lat' dir='ltr'><strong>ecclesia</strong></span> <span class='ocrx_word' id='word_1_440' title='bbox 1808 4568 1874 4605; x_wconf 85' lang='lat' dir='ltr'><strong>cum·</strong></span> 
     </span>
     <span class='ocr_line' id='line_1_40' title="bbox 248 4642 330 4703; baseline 0.012 -15"><span class='ocrx_word' id='word_1_441' title='bbox 248 4642 330 4703; x_wconf 80' lang='lat' dir='ltr'><strong>plexa.</strong></span> 
     </span>
    </p>

    <p class='ocr_par' dir='ltr' id='par_1_14' title="bbox 246 4723 1875 4876">
     <span class='ocr_line' id='line_1_41' title="bbox 333 4723 1875 4788; baseline 0 -13"><span class='ocrx_word' id='word_1_442' title='bbox 333 4725 375 4776; x_wconf 82' lang='lat'><strong>30.</strong></span> <span class='ocrx_word' id='word_1_443' title='bbox 397 4723 427 4774; x_wconf 86' lang='lat'><strong>31</strong></span> <span class='ocrx_word' id='word_1_444' title='bbox 442 4739 476 4788; x_wconf 86' lang='lat' dir='ltr'><strong>aq.</strong></span> <span class='ocrx_word' id='word_1_445' title='bbox 504 4724 599 4785; x_wconf 74' lang='lat' dir='ltr'><strong>Scipio.</strong></span> <span class='ocrx_word' id='word_1_446' title='bbox 621 4723 677 4773; x_wconf 77' lang='lat' dir='ltr'><strong>Sco.</strong></span> <span class='ocrx_word' id='word_1_447' title='bbox 704 4725 730 4774; x_wconf 94' lang='lat' dir='ltr'><strong>V.</strong></span> <span class='ocrx_word' id='word_1_448' title='bbox 753 4723 826 4773; x_wconf 82' lang='lat' dir='ltr'><strong>liert.</strong></span> <span class='ocrx_word' id='word_1_449' title='bbox 849 4727 872 4786; x_wconf 83' lang='grc'><strong>7,</strong></span> <span class='ocrx_word' id='word_1_450' title='bbox 895 4729 906 4772; x_wconf 93' lang='grc'>1</span> <span class='ocrx_word' id='word_1_451' title='bbox 934 4739 1041 4787; x_wconf 84' lang='lat' dir='ltr'><strong>cnmqne</strong></span> <span class='ocrx_word' id='word_1_452' title='bbox 1060 4727 1090 4773; x_wconf 87' lang='lat' dir='ltr'><strong>ab</strong></span> <span class='ocrx_word' id='word_1_453' title='bbox 1108 4739 1137 4773; x_wconf 89' lang='lat' dir='ltr'><strong>eo</strong></span> <span class='ocrx_word' id='word_1_454' title='bbox 1155 4726 1297 4786; x_wconf 87' lang='lat' dir='ltr'><strong>gratissime</strong></span> <span class='ocrx_word' id='word_1_455' title='bbox 1315 4725 1408 4773; x_wconf 85' lang='lat' dir='ltr'><strong>inisset</strong></span> <span class='ocrx_word' id='word_1_456' title='bbox 1426 4731 1574 4787; x_wconf 85' lang='lat' dir='ltr'><strong>susceptus,</strong></span> <span class='ocrx_word' id='word_1_457' title='bbox 1603 4725 1667 4774; x_wconf 85' lang='lat' dir='ltr'><strong>band</strong></span> <span class='ocrx_word' id='word_1_458' title='bbox 1686 4726 1758 4787; x_wconf 86' lang='lat' dir='ltr'><strong>longa</strong></span> <span class='ocrx_word' id='word_1_459' title='bbox 1777 4728 1825 4775; x_wconf 87' lang='lat' dir='ltr'><strong>sibl</strong></span> <span class='ocrx_word' id='word_1_460' title='bbox 1843 4729 1875 4775; x_wconf 85' lang='lat' dir='ltr'><strong>ab</strong></span> 
     </span>
     <span class='ocr_line' id='line_1_42' title="bbox 246 4812 1545 4876; baseline -0.001 -14"><span class='ocrx_word' id='word_1_461' title='bbox 246 4814 338 4875; x_wconf 89' lang='lat' dir='ltr'><strong>oppido</strong></span> <span class='ocrx_word' id='word_1_462' title='bbox 357 4813 534 4861; x_wconf 85' lang='lat' dir='ltr'><strong>monasterium</strong></span> <span class='ocrx_word' id='word_1_463' title='bbox 554 4813 700 4873; x_wconf 84' lang='lat' dir='ltr'><strong>conlocavit,</strong></span> <span class='ocrx_word' id='word_1_464' title='bbox 721 4826 769 4874; x_wconf 92' lang='lat' dir='ltr'><strong>quo</strong></span> <span class='ocrx_word' id='word_1_465' title='bbox 788 4818 899 4873; x_wconf 86' lang='lat' dir='ltr'><strong>tempore</strong></span> <span class='ocrx_word' id='word_1_466' title='bbox 919 4826 945 4859; x_wconf 86' lang='lat' dir='ltr'><strong>se</strong></span> <span class='ocrx_word' id='word_1_467' title='bbox 964 4813 987 4860; x_wconf 91' lang='lat' dir='ltr'><strong>ei</strong></span> <span class='ocrx_word' id='word_1_468' title='bbox 1006 4812 1106 4874; x_wconf 87' lang='lat' dir='ltr'><strong>quidam</strong></span> <span class='ocrx_word' id='word_1_469' title='bbox 1126 4812 1319 4860; x_wconf 87' lang='lat' dir='ltr'><strong>catechumenus</strong></span> <span class='ocrx_word' id='word_1_470' title='bbox 1338 4812 1424 4860; x_wconf 76' lang='lat' dir='ltr'><strong>lunxit</strong></span> <span class='ocrx_word' id='word_1_471' title='bbox 1440 4826 1462 4861; x_wconf 85' lang='lat' dir='ltr'><strong>c.</strong></span> <span class='ocrx_word' id='word_1_472' title='bbox 1482 4829 1505 4876; x_wconf 80' lang='lat' dir='ltr'><strong>q.</strong></span> <span class='ocrx_word' id='word_1_473' title='bbox 1525 4829 1545 4863; x_wconf 81' lang='lat' dir='ltr'><strong>a.</strong></span> 
     </span>
    </p>
   </div>
   <div class='ocr_carea' id='block_1_4' title="bbox 247 5049 1901 5806">
    <p class='ocr_par' dir='ltr' id='par_1_15' title="bbox 247 5049 1901 5806">
     <span class='ocr_line' id='line_1_43' title="bbox 336 5049 1875 5120; baseline 0.001 -18"><span class='ocrx_word' id='word_1_474' title='bbox 336 5053 345 5102; x_wconf 92' lang='grc'>1</span> <span class='ocrx_word' id='word_1_475' title='bbox 367 5055 551 5116; x_wconf 85' lang='lat' dir='ltr'><strong>persecutionis</strong></span> <span class='ocrx_word' id='word_1_476' title='bbox 576 5054 615 5100; x_wconf 89' lang='lat' dir='ltr'><strong>VA</strong></span> <span class='ocrx_word' id='word_1_477' title='bbox 738 5053 868 5102; x_wconf 80' lang='lat' dir='ltr'><strong>dlumine</strong></span> <span class='ocrx_word' id='word_1_478' title='bbox 887 5068 935 5102; x_wconf 90' lang='lat' dir='ltr'><strong>uon</strong></span> <span class='ocrx_word' id='word_1_479' title='bbox 954 5056 1092 5102; x_wconf 88' lang='lat' dir='ltr'><strong>absconsus</strong></span> <span class='ocrx_word' id='word_1_480' title='bbox 1115 5054 1157 5101; x_wconf 82' lang='lat' dir='ltr'><strong>VA</strong></span> <span class='ocrx_word' id='word_1_481' title='bbox 1279 5049 1376 5120; x_wconf 89' lang='lat' dir='ltr'><strong>postea]</strong></span> <span class='ocrx_word' id='word_1_482' title='bbox 1392 5055 1472 5102; x_wconf 85' lang='lat' dir='ltr'><strong>mole:</strong></span> <span class='ocrx_word' id='word_1_483' title='bbox 1492 5058 1549 5102; x_wconf 79' lang='lat' dir='ltr'><strong>onte</strong></span> <span class='ocrx_word' id='word_1_484' title='bbox 1566 5055 1680 5102; x_wconf 73' lang='lat' dir='ltr'><strong>exsilium</strong></span> <span class='ocrx_word' id='word_1_485' title='bbox 1697 5057 1816 5103; x_wconf 70' lang='lat' dir='ltr'><strong>aesculo</strong></span> <span class='ocrx_word' id='word_1_486' title='bbox 1834 5057 1875 5104; x_wconf 80' lang='lat' dir='ltr'><strong>ira·</strong></span> 
     </span>
     <span class='ocr_line' id='line_1_44' title="bbox 247 5136 1875 5207; baseline 0.002 -20"><span class='ocrx_word' id='word_1_487' title='bbox 247 5143 348 5188; x_wconf 80' lang='lat' dir='ltr'><strong>stitutus</strong></span> <span class='ocrx_word' id='word_1_488' title='bbox 366 5145 427 5202; x_wconf 83' lang='lat' dir='ltr'><strong>eret,</strong></span> <span class='ocrx_word' id='word_1_489' title='bbox 448 5139 482 5199; x_wconf 78' lang='lat' dir='ltr'><strong>cs.</strong></span> <span class='ocrx_word' id='word_1_490' title='bbox 505 5140 601 5200; x_wconf 82' lang='lat' dir='ltr'><strong>Sulplc.</strong></span> <span class='ocrx_word' id='word_1_491' title='bbox 623 5139 678 5187; x_wconf 81' lang='lat' dir='ltr'><strong>Sco.</strong></span> <span class='ocrx_word' id='word_1_492' title='bbox 704 5139 731 5188; x_wconf 87' lang='lat' dir='ltr'><strong>V.</strong></span> <span class='ocrx_word' id='word_1_493' title='bbox 755 5139 826 5189; x_wconf 76' lang='lat' dir='ltr'><strong>Most.</strong></span> <span class='ocrx_word' id='word_1_494' title='bbox 850 5143 873 5201; x_wconf 81' lang='lat'><strong>5,</strong></span> <span class='ocrx_word' id='word_1_495' title='bbox 895 5143 911 5188; x_wconf 77' lang='lat'>9</span> <span class='ocrx_word' id='word_1_496' title='bbox 1016 5136 1178 5206; x_wconf 76' lang='lat' dir='ltr'><strong>dspiritum]</strong></span> <span class='ocrx_word' id='word_1_497' title='bbox 1196 5146 1312 5189; x_wconf 86' lang='lat' dir='ltr'><strong>sanctum</strong></span> <span class='ocrx_word' id='word_1_498' title='bbox 1331 5140 1389 5188; x_wconf 82' lang='lat' dir='ltr'><strong>odd.</strong></span> <span class='ocrx_word' id='word_1_499' title='bbox 1413 5141 1455 5188; x_wconf 76' lang='lat' dir='ltr'><strong>Vri</strong></span> <span class='ocrx_word' id='word_1_500' title='bbox 1560 5136 1594 5207; x_wconf 87' lang='lat' dir='ltr'><strong>sl]</strong></span> <span class='ocrx_word' id='word_1_501' title='bbox 1613 5154 1662 5191; x_wconf 83' lang='lat' dir='ltr'><strong>om.</strong></span> <span class='ocrx_word' id='word_1_502' title='bbox 1685 5141 1706 5189; x_wconf 81' lang='lat' dir='ltr'><strong><em>G</em></strong></span> <span class='ocrx_word' id='word_1_503' title='bbox 1810 5142 1875 5191; x_wconf 87' lang='lat' dir='ltr'><strong>uidit</strong></span> 
     </span>
     <span class='ocr_line' id='line_1_45' title="bbox 247 5224 1875 5295; baseline 0.002 -22"><span class='ocrx_word' id='word_1_504' title='bbox 247 5226 322 5274; x_wconf 90' lang='lat' dir='ltr'><strong>deum</strong></span> <span class='ocrx_word' id='word_1_505' title='bbox 340 5227 410 5288; x_wconf 91' lang='lat' dir='ltr'><strong>prius</strong></span> <span class='ocrx_word' id='word_1_506' title='bbox 432 5225 472 5273; x_wconf 82' lang='lat' dir='ltr'><strong>VA</strong></span> <span class='ocrx_word' id='word_1_507' title='bbox 577 5240 712 5287; x_wconf 74' lang='lat' dir='ltr'><strong>pauperem</strong></span> <span class='ocrx_word' id='word_1_508' title='bbox 730 5227 908 5276; x_wconf 90' lang='lat' dir='ltr'><strong>-doctorem</strong></span> <span class='ocrx_word' id='word_1_509' title='bbox 933 5228 985 5289; x_wconf 89' lang='lat' dir='ltr'><strong>VA,</strong></span> <span class='ocrx_word' id='word_1_510' title='bbox 1005 5226 1040 5287; x_wconf 80' lang='lat' dir='ltr'><strong>es.</strong></span> <span class='ocrx_word' id='word_1_511' title='bbox 1061 5228 1159 5288; x_wconf 74' lang='lat' dir='ltr'><strong>Salpia.</strong></span> <span class='ocrx_word' id='word_1_512' title='bbox 1179 5226 1236 5275; x_wconf 79' lang='lat' dir='ltr'><strong>Sco.</strong></span> <span class='ocrx_word' id='word_1_513' title='bbox 1262 5227 1289 5277; x_wconf 94' lang='lat' dir='ltr'><strong>V.</strong></span> <span class='ocrx_word' id='word_1_514' title='bbox 1306 5227 1382 5277; x_wconf 77' lang='lat' dir='ltr'><strong>Mart.</strong></span> <span class='ocrx_word' id='word_1_515' title='bbox 1401 5230 1427 5287; x_wconf 81' lang='lat'><strong>³,</strong></span> <span class='ocrx_word' id='word_1_516' title='bbox 1448 5231 1460 5275; x_wconf 88' lang='lat'><em>1</em></span> <span class='ocrx_word' id='word_1_517' title='bbox 1571 5226 1598 5277; x_wconf 90' lang='lat' dir='ltr'><strong>il</strong></span> <span class='ocrx_word' id='word_1_518' title='bbox 1619 5224 1785 5295; x_wconf 80' lang='lat' dir='ltr'><strong>gallinariam]</strong></span> <span class='ocrx_word' id='word_1_519' title='bbox 1803 5230 1875 5277; x_wconf 85' lang='lat' dir='ltr'><strong>diues</strong></span> 
     </span>
     <span class='ocr_line' id='line_1_46' title="bbox 248 5311 1875 5380; baseline 0.002 -21"><span class='ocrx_word' id='word_1_520' title='bbox 248 5313 381 5372; x_wconf 75' lang='lat' dir='ltr'><strong>galliorum</strong></span> <span class='ocrx_word' id='word_1_521' title='bbox 398 5311 469 5359; x_wconf 82' lang='lat' dir='ltr'><strong>codd.</strong></span> <span class='ocrx_word' id='word_1_522' title='bbox 490 5315 633 5361; x_wconf 80' lang='lat' dir='ltr'><strong>recentiores</strong></span> <span class='ocrx_word' id='word_1_523' title='bbox 652 5311 745 5374; x_wconf 68' lang='lat' dir='ltr'><strong>Maur,</strong></span> <span class='ocrx_word' id='word_1_524' title='bbox 767 5312 800 5373; x_wconf 76' lang='lat' dir='ltr'><strong>es.</strong></span> <span class='ocrx_word' id='word_1_525' title='bbox 822 5312 917 5374; x_wconf 72' lang='lat' dir='ltr'><strong>Sulpic.</strong></span> <span class='ocrx_word' id='word_1_526' title='bbox 938 5313 994 5362; x_wconf 76' lang='lat' dir='ltr'><strong>Sec.</strong></span> <span class='ocrx_word' id='word_1_527' title='bbox 1020 5313 1045 5362; x_wconf 91' lang='lat' dir='ltr'><strong>V.</strong></span> <span class='ocrx_word' id='word_1_528' title='bbox 1068 5312 1143 5361; x_wconf 84' lang='lat' dir='ltr'><strong>Mart.</strong></span> <span class='ocrx_word' id='word_1_529' title='bbox 1162 5317 1189 5373; x_wconf 79' lang='grc'><strong>6,</strong></span> <span class='ocrx_word' id='word_1_530' title='bbox 1210 5316 1226 5362; x_wconf 77' lang='lat' dir='ltr'><strong>d</strong></span> <span class='ocrx_word' id='word_1_531' title='bbox 1365 5313 1397 5363; x_wconf 77' lang='lat'><strong>14</strong></span> <span class='ocrx_word' id='word_1_532' title='bbox 1416 5311 1458 5380; x_wconf 87' lang='lat' dir='ltr'><strong>de]</strong></span> <span class='ocrx_word' id='word_1_533' title='bbox 1476 5314 1549 5362; x_wconf 84' lang='lat' dir='ltr'><strong>verbo</strong></span> <span class='ocrx_word' id='word_1_534' title='bbox 1568 5328 1629 5376; x_wconf 84' lang='lat' dir='ltr'><strong>quac</strong></span> <span class='ocrx_word' id='word_1_535' title='bbox 1647 5319 1783 5377; x_wconf 80' lang='lat' dir='ltr'><strong>sequuntur</strong></span> <span class='ocrx_word' id='word_1_536' title='bbox 1800 5328 1875 5377; x_wconf 70' lang='lat' dir='ltr'><strong>usqua</strong></span> 
     </span>
     <span class='ocr_line' id='line_1_47' title="bbox 247 5397 1875 5467; baseline 0.003 -22"><span class='ocrx_word' id='word_1_537' title='bbox 247 5397 279 5445; x_wconf 89' lang='lat' dir='ltr'><strong>od</strong></span> <span class='ocrx_word' id='word_1_538' title='bbox 295 5413 321 5459; x_wconf 90' lang='lat' dir='ltr'><strong>p.</strong></span> <span class='ocrx_word' id='word_1_539' title='bbox 342 5401 366 5460; x_wconf 84' lang='lat'><strong>8,</strong></span> <span class='ocrx_word' id='word_1_540' title='bbox 388 5399 405 5446; x_wconf 89' lang='lat' dir='ltr'><strong>l.</strong></span> <span class='ocrx_word' id='word_1_541' title='bbox 425 5399 458 5447; x_wconf 83' lang='lat'><strong>35</strong></span> <span class='ocrx_word' id='word_1_542' title='bbox 477 5399 553 5447; x_wconf 85' lang='lat' dir='ltr'><strong>talem</strong></span> <span class='ocrx_word' id='word_1_543' title='bbox 571 5397 703 5446; x_wconf 62' lang='lat' dir='ltr'><strong>decentii</strong></span> <span class='ocrx_word' id='word_1_544' title='bbox 820 5397 850 5448; x_wconf 84' lang='lat' dir='ltr'><strong>i&#39;l</strong></span> <span class='ocrx_word' id='word_1_545' title='bbox 871 5401 1009 5461; x_wconf 86' lang='lat' dir='ltr'><strong>potentiam</strong></span> <span class='ocrx_word' id='word_1_546' title='bbox 1031 5400 1053 5448; x_wconf 96' lang='lat' dir='ltr'><strong><em>V</em></strong></span> <span class='ocrx_word' id='word_1_547' title='bbox 1161 5400 1263 5449; x_wconf 84' lang='lat' dir='ltr'><strong>libertas</strong></span> <span class='ocrx_word' id='word_1_548' title='bbox 1280 5406 1320 5449; x_wconf 89' lang='lat' dir='ltr'><strong>est</strong></span> <span class='ocrx_word' id='word_1_549' title='bbox 1337 5401 1388 5448; x_wconf 89' lang='lat' dir='ltr'><strong>illis</strong></span> <span class='ocrx_word' id='word_1_550' title='bbox 1412 5400 1433 5448; x_wconf 96' lang='lat' dir='ltr'><strong><em>V</em></strong></span> <span class='ocrx_word' id='word_1_551' title='bbox 1545 5399 1576 5451; x_wconf 85' lang='grc'><strong>19</strong></span> <span class='ocrx_word' id='word_1_552' title='bbox 1593 5415 1667 5462; x_wconf 85' lang='lat' dir='ltr'><strong>quam</strong></span> <span class='ocrx_word' id='word_1_553' title='bbox 1686 5398 1783 5467; x_wconf 88' lang='lat' dir='ltr'><strong>nocem]</strong></span> <span class='ocrx_word' id='word_1_554' title='bbox 1801 5415 1875 5463; x_wconf 85' lang='lat' dir='ltr'><strong>quam</strong></span> 
     </span>
     <span class='ocr_line' id='line_1_48' title="bbox 247 5485 1876 5548; baseline 0.002 -15"><span class='ocrx_word' id='word_1_555' title='bbox 247 5486 386 5545; x_wconf 82' lang='lat' dir='ltr'><strong>transgredi</strong></span> <span class='ocrx_word' id='word_1_556' title='bbox 404 5485 460 5532; x_wconf 84' lang='lat' dir='ltr'><strong>eiua</strong></span> <span class='ocrx_word' id='word_1_557' title='bbox 478 5485 635 5545; x_wconf 79' lang='lat' dir='ltr'><strong>signaculum</strong></span> <span class='ocrx_word' id='word_1_558' title='bbox 660 5485 685 5548; x_wconf 92' lang='lat' dir='ltr'><strong>V,</strong></span> <span class='ocrx_word' id='word_1_559' title='bbox 707 5500 782 5547; x_wconf 89' lang='lat' dir='ltr'><strong>qnam</strong></span> <span class='ocrx_word' id='word_1_560' title='bbox 801 5486 851 5535; x_wconf 87' lang='lat' dir='ltr'><strong>hnc</strong></span> <span class='ocrx_word' id='word_1_561' title='bbox 869 5499 924 5535; x_wconf 83' lang='lat' dir='ltr'><strong>ease</strong></span> <span class='ocrx_word' id='word_1_562' title='bbox 945 5486 1014 5535; x_wconf 83' lang='lat' dir='ltr'><strong>Colli.</strong></span> <span class='ocrx_word' id='word_1_563' title='bbox 1133 5485 1165 5536; x_wconf 79' lang='lat'><strong>22</strong></span> <span class='ocrx_word' id='word_1_564' title='bbox 1183 5487 1298 5536; x_wconf 82' lang='lat' dir='ltr'><strong>excludit</strong></span> <span class='ocrx_word' id='word_1_565' title='bbox 1319 5487 1341 5535; x_wconf 95' lang='lat' dir='ltr'><strong><em>V</em></strong></span> <span class='ocrx_word' id='word_1_566' title='bbox 1443 5485 1473 5535; x_wconf 78' lang='lat'><strong>27</strong></span> <span class='ocrx_word' id='word_1_567' title='bbox 1493 5488 1609 5535; x_wconf 86' lang='lat' dir='ltr'><strong>introiret</strong></span> <span class='ocrx_word' id='word_1_568' title='bbox 1631 5486 1652 5533; x_wconf 91' lang='lat' dir='ltr'><strong><em>V</em></strong></span> <span class='ocrx_word' id='word_1_569' title='bbox 1753 5485 1785 5535; x_wconf 79' lang='lat'><strong>30</strong></span> <span class='ocrx_word' id='word_1_570' title='bbox 1804 5489 1876 5536; x_wconf 81' lang='lat' dir='ltr'><strong>beato</strong></span> 
     </span>
     <span class='ocr_line' id='line_1_49' title="bbox 247 5567 1873 5638; baseline 0.002 -19"><span class='ocrx_word' id='word_1_571' title='bbox 247 5572 354 5619; x_wconf 77' lang='lat' dir='ltr'><strong>martium</strong></span> <span class='ocrx_word' id='word_1_572' title='bbox 375 5570 396 5618; x_wconf 80' lang='lat' dir='ltr'><strong><em>G</em></strong></span> <span class='ocrx_word' id='word_1_573' title='bbox 524 5567 668 5638; x_wconf 86' lang='lat' dir='ltr'><strong>locoteiaco]</strong></span> <span class='ocrx_word' id='word_1_574' title='bbox 687 5569 708 5617; x_wconf 81' lang='lat' dir='ltr'><strong><em>G</em></strong></span> <span class='ocrx_word' id='word_1_575' title='bbox 727 5586 781 5620; x_wconf 81' lang='lat' dir='ltr'><strong>cum</strong></span> <span class='ocrx_word' id='word_1_576' title='bbox 799 5572 855 5621; x_wconf 82' lang='lat' dir='ltr'><strong>cod.</strong></span> <span class='ocrx_word' id='word_1_577' title='bbox 877 5572 973 5620; x_wconf 77' lang='lat' dir='ltr'><strong>Ceratis</strong></span> <span class='ocrx_word' id='word_1_578' title='bbox 992 5571 1097 5635; x_wconf 61' lang='grc' dir='ltr'><em>Βακὰ,</em></span> <span class='ocrx_word' id='word_1_579' title='bbox 1116 5574 1168 5621; x_wconf 86' lang='grc' dir='ltr'><strong>1οοο</strong></span> <span class='ocrx_word' id='word_1_580' title='bbox 1185 5574 1265 5624; x_wconf 84' lang='lat' dir='ltr'><strong>telaeo</strong></span> <span class='ocrx_word' id='word_1_581' title='bbox 1285 5574 1373 5633; x_wconf 74' lang='lat' dir='ltr'><strong>(reisue</strong></span> <span class='ocrx_word' id='word_1_582' title='bbox 1399 5569 1440 5635; x_wconf 60' lang='lat' dir='ltr'><strong>Vi)</strong></span> <span class='ocrx_word' id='word_1_583' title='bbox 1469 5573 1495 5636; x_wconf 93' lang='lat' dir='ltr'><strong>V,</strong></span> <span class='ocrx_word' id='word_1_584' title='bbox 1523 5574 1627 5621; x_wconf 71' lang='lat' dir='ltr'><strong>roteiaco</strong></span> <span class='ocrx_word' id='word_1_585' title='bbox 1644 5573 1675 5635; x_wconf 89' lang='lat' dir='ltr'><strong>B,</strong></span> <span class='ocrx_word' id='word_1_586' title='bbox 1701 5573 1823 5622; x_wconf 83' lang='lat' dir='ltr'><strong>locediare</strong></span> <span class='ocrx_word' id='word_1_587' title='bbox 1848 5572 1873 5638; x_wconf 77' lang='lat' dir='ltr'><strong>Y,</strong></span> 
     </span>
     <span class='ocr_line' id='line_1_50' title="bbox 247 5655 1876 5722; baseline 0.003 -18"><span class='ocrx_word' id='word_1_588' title='bbox 247 5658 351 5706; x_wconf 91' lang='lat' dir='ltr'><strong>locoiaco</strong></span> <span class='ocrx_word' id='word_1_589' title='bbox 365 5655 452 5705; x_wconf 71' lang='lat' dir='ltr'><strong>eom:</strong></span> <span class='ocrx_word' id='word_1_590' title='bbox 471 5659 651 5707; x_wconf 83' lang='lat' dir='ltr'><strong>monasterinm</strong></span> <span class='ocrx_word' id='word_1_591' title='bbox 663 5658 877 5721; x_wconf 71' lang='lat' dir='ltr'><strong>locotiglaeanaim</strong></span> <span class='ocrx_word' id='word_1_592' title='bbox 891 5659 1025 5720; x_wconf 75' lang='lat' dir='ltr'><strong>Greqortus</strong></span> <span class='ocrx_word' id='word_1_593' title='bbox 1042 5659 1115 5722; x_wconf 69' lang='lat' dir='ltr'><strong>dita,</strong></span> <span class='ocrx_word' id='word_1_594' title='bbox 1129 5658 1164 5709; x_wconf 76' lang='grc' dir='ltr'><strong>Μ.</strong></span> <span class='ocrx_word' id='word_1_595' title='bbox 1179 5659 1206 5709; x_wconf 75' lang='lat' dir='ltr'><strong>S.</strong></span> <span class='ocrx_word' id='word_1_596' title='bbox 1223 5659 1297 5708; x_wconf 79' lang='lat' dir='ltr'><strong>Most.</strong></span> <span class='ocrx_word' id='word_1_597' title='bbox 1314 5660 1405 5718; x_wconf 82' lang='lat' dir='ltr'><strong>1V,30</strong></span> <span class='ocrx_word' id='word_1_598' title='bbox 1492 5673 1642 5719; x_wconf 79' lang='lat' dir='ltr'><strong>consurgere</strong></span> <span class='ocrx_word' id='word_1_599' title='bbox 1658 5659 1679 5707; x_wconf 92' lang='lat' dir='ltr'><strong><em>V</em></strong></span> <span class='ocrx_word' id='word_1_600' title='bbox 1775 5658 1806 5709; x_wconf 79' lang='lat'><strong>31</strong></span> <span class='ocrx_word' id='word_1_601' title='bbox 1827 5660 1876 5708; x_wconf 83' lang='lat' dir='ltr'><strong>ali·</strong></span> 
     </span>
     <span class='ocr_line' id='line_1_51' title="bbox 248 5742 1901 5806; baseline 0.001 -15"><span class='ocrx_word' id='word_1_602' title='bbox 248 5747 355 5806; x_wconf 89' lang='lat' dir='ltr'><strong>quantos</strong></span> <span class='ocrx_word' id='word_1_603' title='bbox 379 5742 400 5790; x_wconf 96' lang='lat' dir='ltr'><strong><em>V</em></strong></span> <span class='ocrx_word' id='word_1_604' title='bbox 1893 5758 1901 5767; x_wconf 87' lang='lat'>·</span> 
     </span>
    </p>
   </div>
   <div class='ocr_carea' id='block_1_5' title="bbox 0 0 2192 6180">
    <p class='ocr_par' dir='ltr' id='par_1_16' title="bbox 0 0 2192 6180">
     <span class='ocr_line' id='line_1_52' title="bbox 0 0 2192 6180; baseline 0 0"><span class='ocrx_word' id='word_1_605' title='bbox 0 0 2192 6180; x_wconf 95' lang='lat' dir='ltr'><strong> </strong></span> 
     </span>
    </p>
   </div>
  </div>
 </body>
</html>
