4374 6186
882 372 1051 429 VENANTI
1070 371 1290 429 FORTVNATI

527 585 558 624 rs
609 568 741 628 venerat
763 581 839 646 ergo
861 562 932 628 dies
953 562 1049 628 belli:
1075 581 1187 645 pacem
1209 563 1332 648 expetit
1353 563 1454 628 hostis

609 673 705 749 atque
727 673 837 731 orante
860 686 922 731 uno
945 664 1062 731 cecidit
1083 665 1170 731 furor
1191 665 1337 731 omnibus
1360 665 1458 731 armis

608 769 855 852 innumerosque
876 768 964 833 acies
987 767 1075 833 solus
1097 767 1166 834 sine
1190 767 1347 851 sanguine
1370 767 1458 833 vicit.

694 872 777 937 Hinc
798 871 870 936 loca
890 872 1049 936 latronum
1070 869 1241 951 incedens,
1267 879 1356 937 ratus
1377 871 1424 936 ire
1447 891 1506 956 per
1527 872 1646 956 Alpes,

609 974 723 1039 vinctis
745 980 817 1059 post
837 981 962 1057 tergum
984 973 1132 1039 manibus
1154 973 1313 1039 deductus
1334 975 1376 1040 ab
1398 994 1479 1051 uuo,

609 1083 750 1161 tempore
772 1077 831 1142 sub
854 1077 963 1142 mortis
985 1076 1086 1141 hostis
1109 1076 1289 1160 conpendia
1311 1084 1466 1156 tractans,

610 1179 710 1245 credit
731 1180 812 1244 latro
834 1178 930 1244 deum
952 1178 1026 1243 dum
1050 1178 1215 1262 praedicat
1235 1179 1298 1243 iste
1320 1179 1507 1261 colendum,

610 1288 641 1347 et
662 1280 739 1346 dare
761 1281 817 1365 qui
838 1281 938 1346 voluit
960 1287 1092 1346 mortem
1115 1280 1203 1365 capit
1224 1301 1277 1346 ore
1300 1281 1447 1347 salutem.

609 1384 734 1450 ducitur
755 1384 810 1449 iile
833 1384 923 1449 ferox
945 1405 965 1449 a
987 1383 1142 1466 reiigione
1165 1384 1285 1467 ligatus

608 1494 703 1570 atque
726 1506 803 1552 suus
825 1487 945 1571 praedo
966 1486 1096 1552 Martini
1117 1486 1239 1571 praeda
1260 1487 1296 1552 fit
1318 1488 1409 1553 uitro.

607 1611 704 1673 quam
725 1591 826 1656 bonus
848 1590 905 1654 ille
926 1589 996 1671 isti,
1022 1589 1081 1655 sed
1102 1590 1175 1674 plus
1197 1588 1271 1673 pius
1294 1588 1346 1654 hic
1369 1590 1430 1655 fuit
1449 1590 1511 1655 illi.

608 1699 776 1757 servantur
797 1692 910 1774 simul,
935 1691 992 1757 ille
1014 1692 1093 1771 fide,
1120 1692 1171 1757 hic
1193 1712 1323 1776 corpore
1346 1693 1474 1771 vivens3

608 1796 701 1861 ambo
724 1795 849 1876 valent,
875 1795 950 1861 dum
973 1815 1066 1860 nemo
1089 1794 1191 1860 cadit:
1218 1795 1265 1859 sic
1287 1795 1365 1860 vicit
1387 1803 1532 1878 uterquc.

694 1898 776 1962 Hinc
798 1899 869 1962 loca
890 1896 1088 1982 praeteriens
1110 1897 1325 1981 pulcherrima
1347 1898 1539 1977 Mediolani,

608 1998 706 2066 florea
728 2020 801 2065 rura
822 2007 929 2065 terens
951 2020 1008 2084 per
1030 2020 1167 2065 amoena
1189 1999 1309 2066 virecta
1330 2000 1449 2079 viator,

608 2103 720 2168 obvius
742 2103 878 2169 occurrit
899 2111 993 2168 vetus
1015 2109 1048 2169 et
1068 2103 1257 2169 temerarius
1280 2103 1398 2187 hostis,

606 2207 757 2272 mentitus
779 2206 919 2292 speciem
942 2206 1102 2272 humanae
1124 2207 1183 2272 sub
1206 2207 1348 2290 imagine
1370 2208 1502 2273 formae.

607 2307 800 2391 falsiloquax
823 2318 976 2394 pereunte
999 2308 1080 2390 fide,
1106 2310 1189 2374 male
1212 2308 1324 2375 doctus
1347 2311 1379 2374 iu
1403 2317 1471 2376 arte

606 2412 691 2494 quod
712 2418 874 2496 peteretur
897 2412 958 2478 iter
979 2412 1119 2496 quaerit:
1146 2413 1198 2478 cui
1222 2412 1398 2478 comminus
1419 2413 1476 2478 ille

606 2515 669 2580 huc
690 2536 859 2600 properare
882 2515 979 2581 refert
1000 2535 1064 2599 qua
1086 2534 1123 2580 se
1145 2514 1224 2581 deus
1246 2515 1293 2581 ire
1316 2524 1455 2581 vocaret.

606 2618 657 2683 cui
679 2618 765 2684 ferus
787 2619 888 2684 hostis
910 2618 971 2685 ait:
1003 2623 1218 2702 ‘quacumque
1240 2620 1393 2685 accedere
1416 2619 1530 2685 tendes

605 2728 710 2787 tecum
732 2741 830 2807 pergo
852 2741 985 2802 nocens,
1012 2729 1088 2787 vota
1108 2722 1141 2786 iu
1164 2722 1323 2787 contraria
1345 2726 1502 2789 currens'.

605 2845 682 2890 voce
705 2824 886 2910 prophetali
908 2832 1037 2890 sanctus
1060 2824 1111 2890 cui
1133 2825 1276 2909 protinus
1297 2825 1382 2891 infit:

609 2930 676 2993 ‘est
696 2948 787 2993 meus
809 2927 936 2993 adiutor
957 2926 1121 3007 dominus,
1147 2929 1233 2992 mala
1255 2928 1346 2993 nulla
1368 2929 1512 2994 verebor.

605 3050 646 3096 ne
666 3030 797 3096 timeam
819 3030 981 3112 timidum,
1006 3031 1100 3096 timor
1122 3038 1172 3096 est
1194 3031 1275 3096 deus
1297 3052 1387 3096 arma
1409 3031 1587 3097 timentum.

604 3140 692 3198 tutus
713 3132 747 3197 in
768 3133 914 3199 adversis
937 3133 1065 3216 gradior
1086 3142 1208 3200 rectore
1231 3153 1381 3218 superno.

604 3236 741 3301 insidiae
763 3236 817 3301 via
838 3237 929 3301 uuila
950 3243 1039 3321 patet
1062 3238 1120 3302 sub
1142 3237 1284 3320 tegmine
1307 3237 1408 3302 divo'.

372 3460 444 3523 scip.
465 3460 519 3510 aes.
544 3462 570 3511 V.
593 3460 628 3511 ii.

270 3594 323 3629 rore
341 3583 501 3637 consuntior,
522 3583 544 3630 ai
562 3583 616 3642 hoc,
636 3583 729 3643 inquit,
750 3585 863 3643 ignaviae
882 3583 1038 3644 adscribitur.
1059 3596 1108 3630 non
1127 3583 1201 3644 tidei,
1222 3583 1329 3629 crastiua
1347 3582 1388 3629 die
1406 3587 1464 3630 ante
1482 3582 1561 3629 aciem
1580 3584 1684 3632 inermis
1702 3585 1802 3634 adstabo
1820 3594 1846 3636 et
1864 3590 1891 3637 in

269 3668 369 3715 nomine
386 3668 478 3716 domini
496 3670 563 3729 lesu,
584 3671 655 3728 siguo
672 3669 762 3728 crucia,
783 3683 832 3717 uou
851 3669 931 3730 clipeo
949 3674 1075 3730 protectus
1093 3673 1137 3716 ant
1154 3669 1232 3728 galea,
1254 3668 1361 3715 bostium
1380 3680 1472 3715 carneos
1490 3670 1625 3728 penetrabo
1644 3684 1757 3719 securus.
1797 3673 1832 3734 (6)
1852 3690 1891 3723 re·

267 3753 334 3800 trudi
354 3766 412 3810 ergo
429 3755 456 3801 in
475 3755 611 3802 custodiam
628 3756 738 3817 iubetur,
760 3756 873 3803 iactunra
891 3754 964 3802 tidem
983 3755 1065 3815 dictis,
1087 3760 1116 3802 ut
1133 3755 1237 3802 inermis
1256 3754 1366 3801 barbaris
1384 3755 1534 3803 obiceretur.
1574 3756 1606 3816 (7)
1629 3761 1726 3817 postero
1744 3757 1787 3805 die
1805 3759 1891 3808 hostes

267 3838 360 3899 legator
378 3840 408 3887 de
426 3855 486 3902 pace
504 3842 635 3901 miserunt,
657 3856 703 3889 sua
720 3842 804 3889 omnia
822 3854 899 3902 aeque
918 3839 1047 3888 dedentes.
1080 3841 1149 3888 nude
1166 3841 1224 3900 quie
1242 3840 1341 3887 dubitet
1359 3840 1421 3887 baur.
1440 3853 1497 3887 vere
1516 3840 1583 3888 beati
1603 3842 1648 3888 viri
1661 3843 1742 3890 inisse
1754 3844 1888 3908 victoriam,
1987 3887 1989 3889 ,

267 3926 307 3973 eui
326 3927 471 3989 praestitum
490 3929 532 3987 sit,
552 3941 584 3975 ne
601 3928 704 3976 inermis
722 3927 751 3974 ad
771 3927 892 3988 proelium
910 3927 1054 3975 mitteretur
1070 3938 1091 3974 e.
1112 3941 1134 3987 q.
1154 3940 1175 3975 a.

337 4015 361 4072 ό,
382 4016 397 4059 t
420 4015 456 4060 Ac
479 4015 588 4077 primum
611 4015 678 4061 inter
697 4013 775 4075 Alpes
797 4013 869 4060 devia
895 4016 996 4060 secutus
1018 4011 1109 4066 incidit
1131 4012 1159 4058 iu
1183 4011 1299 4059 latrones.
1338 4025 1444 4072 cumque
1469 4025 1536 4058 nnus
1555 4014 1639 4060 securi
1657 4014 1754 4063 elevata
1771 4017 1798 4063 iu
1817 4024 1890 4078 capnt

266 4099 323 4145 eiua
340 4100 458 4147 librasset
475 4101 567 4159 ictum,
594 4100 708 4148 ferientis
726 4099 855 4147 dexteram
875 4099 998 4145 surstinnit
1015 4099 1093 4145 alter:
1121 4099 1212 4144 vinctis
1230 4102 1313 4144 tamen
1332 4101 1388 4158 post
1406 4103 1503 4157 tergum
1520 4099 1638 4146 manibus
1656 4101 1702 4147 uni
1720 4101 1891 4150 adservandos

267 4189 293 4230 et
308 4185 454 4247 spoliandus
473 4186 586 4234 traditur.
624 4186 667 4246 qui
686 4199 742 4232 cum
760 4198 817 4232 eum
837 4184 867 4231 ad
885 4186 1015 4231 remotiora
1032 4183 1158 4244 duxisset,
1178 4184 1317 4244 percontari
1335 4185 1365 4229 ab
1384 4196 1413 4230 eo
1431 4183 1521 4244 coepit,
1543 4183 1659 4244 quisnam
1677 4192 1754 4234 asset.
1786 4200 1894 4249 respon-

266 4269 305 4317 dit
322 4270 490 4319 (lhrlatianum
507 4285 534 4319 se
546 4285 602 4319 esse
614 4285 634 4320 e.
650 4287 673 4333 q.
687 4287 707 4320 a.
783 4271 816 4329 (6)
837 4271 1015 4330 ingressusque
1034 4270 1203 4329 euangelicam
1221 4269 1418 4330 disputationem
1437 4269 1539 4315 uerbum
1558 4268 1599 4316 dei
1617 4270 1706 4318 latroni
1725 4273 1890 4332 praedicabat.

267 4357 327 4417 quid
338 4357 438 4417 longius
451 4361 546 4406 moreri
563 4358 624 4404 latro
642 4357 749 4405 credidit
766 4360 962 4418 prosecutusque
980 4355 1116 4402 Martinam
1134 4355 1189 4402 viee
1206 4354 1322 4414 reddidit,
1344 4368 1415 4402 orans
1434 4359 1464 4401 nt
1482 4367 1525 4416 pro
1544 4370 1570 4402 se
1589 4354 1719 4404 dominum
1737 4366 1889 4418 precaretur.

266 4442 382 4504 idemque
400 4449 484 4506 postea
502 4444 642 4502 religiosam
661 4456 737 4502 agens
757 4445 832 4491 vitam
852 4443 923 4490 visus
942 4446 993 4502 eat,
1020 4440 1080 4489 adeo
1098 4447 1129 4488 nt
1145 4441 1220 4500 baec,
1246 4455 1310 4503 quae
1328 4454 1403 4502 supra
1421 4440 1579 4503 rettulimus,
1607 4455 1640 4490 ex
1664 4443 1720 4505 ipso
1745 4445 1829 4492 audita
1852 4445 1893 4494 di-

266 4533 361 4579 cantur.

335 4617 360 4675 6,
384 4619 395 4661 1
418 4616 500 4674 igitur
518 4615 644 4663 Martinus
662 4615 721 4662 iude
739 4628 883 4677 progressus
902 4628 958 4662 cum
977 4613 1144 4661 Mediolanum
1163 4613 1337 4675 praeterisset,
1364 4613 1474 4661 diabolus
1492 4614 1520 4660 in
1538 4615 1643 4673 itinere,
1671 4615 1780 4663 bumana
1807 4617 1891 4676 specie

266 4700 411 4763 adsumpta,
433 4716 459 4750 se
478 4704 502 4750 ei
519 4703 620 4750 obvium
638 4702 713 4762 tulit,
735 4715 784 4763 quo
802 4701 917 4749 tenderet
935 4713 1066 4760 quaereus.
1106 4700 1142 4759 (9)
1162 4713 1268 4760 cumque
1286 4700 1312 4746 id
1330 4714 1343 4745 a
1361 4699 1468 4746 Martiuo
1486 4702 1599 4761 responsi
1618 4703 1768 4763 accepisset,
1795 4715 1823 4749 se
1841 4715 1891 4762 quo

268 4786 384 4836 dominus
402 4795 500 4836 vocaret
518 4788 665 4847 intendere,
686 4788 721 4835 ait
739 4786 768 4833 ad
787 4800 857 4834 eum:
878 4799 1034 4846 quocumque
1051 4786 1111 4832 ieris
1130 4785 1169 4831 vel
1187 4798 1359 4846 quaecumque
1377 4787 1555 4846 temptaveris,
1576 4787 1690 4833 diabolus
1708 4789 1754 4834 tibi
1772 4787 1891 4834 adversa·

270 4995 580 5005 -.-—.-.—.
595 4997 644 5002 --
655 4997 679 5002 ,-

336 5148 368 5198 15
386 5150 471 5198 hostes
489 5146 596 5196 PTFlM
707 5147 739 5196 78
758 5161 785 5195 ru
805 5146 862 5208 ΝΜ,
884 5160 916 5194 rrr
935 5147 987 5208 PT,
1009 5151 1071 5207 spat.
1091 5161 1146 5194 vae.
1168 5152 1179 5195 1
1200 5163 1225 5196 o.
1247 5148 1269 5193 F
1370 5159 1387 5192 a
1405 5159 1528 5193 arraona
1545 5159 1656 5193 tuncrus
1677 5146 1700 5193 N
1802 5146 1891 5209 alpena

269 5234 292 5281 P
394 5235 426 5284 79
445 5237 522 5284 uictis
535 5234 565 5296 N,
586 5235 697 5282 uiueres
709 5233 741 5280 P¹
844 5247 888 5295 pos
907 5240 1004 5293 tergum
1018 5232 1072 5295 MS,
1093 5247 1136 5293 pos
1155 5240 1224 5293 tergo
1238 5233 1261 5280 N
1365 5232 1397 5280 80
1416 5235 1442 5279 ia
1453 5248 1504 5292 mp.
1518 5245 1590 5279 nm
1606 5232 1628 5279 P
1730 5232 1811 5279 hostia
1825 5232 1856 5294 Pl

270 5322 417 5384 (conpendia
435 5321 508 5383 Pus]
651 5326 760 5369 treetaus
780 5319 803 5366 P
939 5318 971 5368 83
990 5320 1108 5379 religione
1127 5316 1203 5385 PTS]
1230 5320 1354 5379 relegione
1375 5318 1405 5379 N,
1435 5320 1564 5378 relligione
1582 5315 1675 5378 BMLl,
1704 5318 1838 5377 rellegione
1858 5319 1889 5367 11¹

266 5407 298 5458 84
317 5423 374 5458 suos
394 5408 425 5469 N,
446 5410 500 5456 anis
520 5408 566 5454 ΤΤ
666 5406 697 5455 81
718 5407 789 5454 cadet
807 5404 836 5453 Μ
949 5404 981 5454 88
999 5419 1015 5452 v
1034 5403 1094 5466 ΝΜ,
1116 5419 1142 5452 ru
1162 5405 1206 5452 PT
1311 5417 1439 5452 briannus
1458 5418 1488 5451 sn
1507 5417 1618 5452 orrvnrr
1639 5404 1671 5466 N,
1692 5407 1766 5453 inam.
1787 5419 1851 5454 aros.
1872 5407 1894 5452 Τ

265 5494 299 5543 90
317 5508 349 5543 xc
368 5495 390 5542 P
519 5494 603 5542 laostes
624 5494 645 5540 Τ
782 5491 813 5541 91
833 5493 957 5540 mentitur
975 5489 1009 5552 Μ,
1033 5493 1159 5539 mentibus
1179 5492 1200 5538 Τ
1339 5489 1372 5537 93
1391 5496 1531 5552 preteretur
1551 5489 1573 5536 P
1702 5492 1839 5538 communis
1858 5490 1889 5538 1>¹

265 5581 298 5630 ai
317 5586 464 5643 properante
482 5579 589 5628 BL¹MB
720 5580 771 5627 tert
789 5578 812 5626 N
949 5575 982 5624 95
1000 5590 1158 5639 quocumque
1176 5577 1207 5638 L,
1228 5579 1381 5638 quicumque
1400 5576 1422 5623 P
1552 5576 1636 5624 tendis
1656 5575 1686 5638 Ν,
1707 5581 1817 5638 temptes
1837 5574 1891 5624 m

264 5666 297 5715 tc
315 5664 429 5733 currens]
446 5672 549 5715 uertens
568 5667 590 5712 F
689 5664 720 5712 ai
741 5671 863 5726 protenus
883 5665 904 5710 T
1008 5662 1041 5710 aa
1060 5665 1205 5711 timentium
1226 5661 1257 5708 Ρ1
1365 5661 1409 5710 101
1431 5662 1539 5709 insidiae
1558 5665 1593 5708 air
1611 5662 1681 5710 redd.
1890 5669 1892 5674 ·
