4374 6186
255 396 295 457 98
559 389 753 447 OPVSOVLA
772 389 967 445 vanart'rlo
985 389 1215 446 FORTVNA'PO
1233 391 1337 447 hlALE
1356 389 1578 448 ATTRIBVTA

253 582 339 665 geris
362 581 490 646 alveum
514 599 625 644 secure
649 579 867 659 descenderet,
895 578 1062 644 Maurilins
1083 579 1203 645 ieiunio
1226 579 1381 663 fatigatus
1404 588 1437 646 et
1457 581 1600 647 oratione
1616 582 1650 647 in
1666 582 1772 649 navis
1788 604 1914 668 puppe

252 684 419 769 paululum
442 682 665 763 obdormierat,
691 703 764 747 cum
787 682 892 748 subito
916 681 1046 747 humani
1068 681 1197 765 generis
1219 682 1393 750 insidiante
1416 683 1545 750 inimico
1564 684 1698 752 diabolo
1715 694 1916 772 coeperunt

253 788 389 871 gurgitis
418 787 630 852 intumescere
659 785 792 867 flnctus,
825 786 871 851 ita
901 793 934 851 ut
956 786 1147 852 cadentibus
1170 785 1311 871 desuper
1332 786 1463 871 limphis
1486 789 1651 872 submergi
1672 789 1778 855 navis
1804 797 1913 855 autu·

252 898 393 957 meretur
420 890 455 954 in
483 889 587 954 undis.
641 889 723 970 (125)
750 888 833 953 Tum
862 887 1012 972 discipuli
1042 888 1154 954 timore
1185 889 1344 973 perterriti
1376 891 1596 956 excitaverunt
1618 911 1695 957 eum
1724 891 1906 959 dicentes:

251 994 379 1076 Exurge
416 991 599 1075 quantotius
629 998 661 1056 et
689 1009 855 1071 succurre,
895 991 1039 1070 Mamili,
1082 991 1114 1055 in
1145 1011 1315 1075 supremae
1344 992 1456 1058 mortis
1484 992 1654 1078 naufragio
1685 995 1946 1061 constitutine

251 1094 506 1181 Expergeiactns
536 1093 732 1159 autemillis
756 1094 944 1159 clementius
966 1093 1084 1177 inquit:
1119 1093 1212 1171 Quod
1233 1094 1312 1159 mihi
1335 1096 1490 1177 quaeritis
1512 1116 1588 1178 vos,
1620 1097 1760 1180 fratres,
1799 1098 1912 1164 satis-

250 1200 355 1264 facere
384 1198 546 1283 poteratis.
607 1198 689 1280 (126)
717 1197 799 1261 'ihm
829 1204 962 1282 accepta
991 1216 1075 1280 qnae
1103 1197 1264 1263 benedicti
1288 1198 1420 1281 liquoris
1443 1206 1512 1265 erat
1534 1200 1702 1265 vasculum
1727 1202 1907 1286 ampulla,

249 1323 324 1368 mox
348 1310 382 1366 nt
404 1303 508 1367 oleum
532 1321 603 1365 cum
627 1299 769 1365 oratione
792 1306 824 1365 et
847 1300 940 1383 signo
963 1308 1095 1365 sanctae
1119 1299 1222 1365 crucis
1244 1300 1277 1366 in
1293 1301 1452 1384 gurgitem
1468 1303 1630 1386 respersit,
1657 1302 1720 1367 illa
1737 1305 1911 1371 saeviens

248 1405 450 1490 tempestatis
481 1404 622 1488 procella
650 1403 836 1487 temperatis
864 1402 994 1468 flatibus
1023 1404 1234 1487 aequatisque
1266 1403 1422 1470 undarum
1453 1405 1592 1470 molibus
1622 1408 1800 1491 extemplo
1829 1427 1911 1474 ces-

249 1508 342 1574 savit.
390 1508 483 1573 Laeti
506 1527 582 1590 ergo
605 1514 637 1572 et
658 1506 835 1571 incolumes
859 1513 893 1571 ιιι
915 1514 1105 1590 aptaverant
1127 1514 1343 1591 pervenerunt
1364 1507 1407 1574 ad
1429 1516 1565 1592 portum.
1932 1535 1963 1576 ro

135 1611 230 1676 XXV
342 1614 426 1694 (127)
453 1612 651 1676 Adolescens
673 1609 804 1693 qnidam
827 1610 1045 1675 catecuminus
1069 1609 1110 1675 de
1132 1630 1264 1676 numero
1287 1611 1446 1677 ecclesiae
1462 1611 1523 1677 sibi
1540 1612 1735 1678 commissae
1751 1614 1910 1681 absente

249 1714 396 1780 llanrilio
425 1723 491 1780 tam
517 1713 739 1779 vehementem
763 1711 885 1777 febrem
908 1714 1101 1794 incurrerat,
1135 1721 1170 1778 nt
1192 1721 1364 1797 antequam
1388 1715 1471 1780 sacri
1494 1714 1591 1780 fontis
1612 1715 1825 1800 baptismate
1851 1738 1911 1784 re·

248 1816 397 1902 generari
428 1816 596 1901 potuisset,
631 1815 776 1899 spiritum
808 1815 987 1881 exhalaret.
1034 1816 1103 1883 Nec
1131 1836 1221 1882 mora
1248 1824 1399 1901 parentes
1421 1816 1524 1902 ipsius
1547 1837 1609 1882 non
1631 1817 1702 1883 sine
1728 1818 1908 1885 inmensis

248 1940 288 1986 ac
310 1920 428 1985 crebris
451 1918 598 2003 suspiriis
621 1919 880 2002 singultibusque
903 1926 999 2001 atque
1023 1918 1175 2002 lacrimis,
1201 1919 1277 1985 dum
1300 1920 1389 1986 locus
1412 1919 1517 1986 funeri
1539 1927 1717 2006 pararetur,
1748 1942 1835 1988 eum
1859 1924 1908 1989 ad

250 2024 419 2090 ecclesiam
447 2022 643 2102 detulerunt,
677 2042 749 2086 cmn
773 2021 878 2088 subito
901 2023 1015 2088 beatus
1038 2022 1207 2087 blaurilins
1229 2022 1346 2089 adesse
1370 2023 1544 2089 nuntiatur.
1597 2025 1678 2104 (128)
1707 2022 1776 2101 Qui
1804 2045 1908 2092 com-
1931 2051 1963 2091 aa

248 2135 338 2213 perto
361 2126 445 2210 quod
468 2126 537 2191 sine
561 2124 762 2209 baptismatis
785 2126 927 2191 remedio
951 2125 1063 2191 ultimo
1086 2125 1274 2209 iungeretur
1295 2126 1395 2193 offitio
1416 2127 1585 2211 ingemuit.
1628 2128 1712 2191 'ihm
1739 2130 1907 2197 sentiens

248 2231 474 2319 perspiritum
498 2230 560 2295 sibi
583 2228 699 2295 adesse
723 2231 881 2310 virtutem,
909 2229 1022 2313 egredi
1044 2249 1156 2295 omncs
1179 2230 1330 2296 cellulam
1353 2231 1386 2296 in
1410 2251 1473 2314 qua
1495 2249 1609 2314 corpus
1624 2228 1756 2295 iacebat
1771 2240 1905 2316 sponte

247 2336 427 2422 praecepit,
462 2334 517 2398 nbi
548 2332 723 2416 singularis
751 2351 823 2396 cnm
846 2352 944 2417 puero
967 2352 1137 2398 remanens
1161 2332 1311 2398 demere
1334 2333 1505 2418 prostravit
1527 2353 1562 2398 se
1584 2333 1617 2397 in
1640 2333 1793 2400 oratione
1821 2355 1904 2401 cnm

246 2440 368 2524 gemitu
390 2445 422 2504 et
444 2437 553 2522 rigans
577 2435 718 2501 lacrimis
742 2435 859 2516 solum,
892 2436 946 2501 vix
969 2443 1092 2501 tanturn
1115 2435 1219 2520 spatio
1243 2436 1336 2501 nnius
1359 2436 1457 2502 horae
1479 2435 1688 2518 intergresso,
1716 2436 1810 2503 vidit
1835 2439 1904 2505 de·

247 2542 389 2608 iunctum
419 2541 599 2626 palpitante
628 2538 742 2623 spiritu
765 2539 919 2622 paulatim
944 2540 1095 2604 membris
1119 2539 1265 2604 omnibus
1289 2539 1496 2619 commoveri,
1529 2558 1623 2621 quem
1647 2536 1760 2603 statim
1787 2548 1829 2607 nt
1856 2541 1903 2608 de
1924 2565 1959 2608 ao

246 2645 389 2711 oratione
418 2642 556 2709 surrexit
584 2641 770 2726 parentibus
799 2642 854 2724 qni
883 2662 939 2725 pro
968 2642 1091 2707 foribus
1117 2641 1286 2707 astiterant
1316 2641 1422 2707 vivum
1454 2649 1486 2708 et
1513 2641 1705 2707 incolumem
1739 2643 1903 2712 reddidit

245 2769 284 2815 ac
307 2768 396 2813 sacro
418 2747 610 2831 baptismate
634 2745 841 2810 consecravit.

14 2899 18 2911 .
98 2848 223 2913 ¹XXVI
338 2851 419 2931 (129)
447 2848 535 2914 Duos
565 2848 703 2929 denique
733 2848 877 2932 leprosos
907 2849 965 2912 snb
995 2848 1067 2931 ipso
1099 2855 1241 2932 tempore
1265 2848 1423 2933 pervariis
1447 2848 1632 2914 vulneribus
1653 2847 1815 2915 obsessos
1843 2860 1900 2919 at·

246 2975 308 3038 que
334 2952 494 3032 foedatos,
529 2950 605 3015 dum
629 2950 743 3014 salutis
769 2949 946 3015 remedium
969 2969 990 3014 a
1011 2950 1106 3015 beato
1129 2950 1277 3035 pontifice
1300 2952 1499 3035 postularent
1521 2950 1643 3034 etipse
1665 2949 1754 3031 quod
1777 2951 1899 3019 domi-

246 3077 307 3122 nns
336 3076 391 3121 eos
420 3055 548 3120 salvare
577 3052 764 3136 dignaretur
793 3052 959 3119 humiliter
983 3054 1208 3138 responderet,
1241 3054 1317 3119 ilico
1346 3055 1444 3119 verbo
1467 3060 1589 3119 tantum
1612 3051 1799 3120 medicante
1827 3059 1896 3123 snb
1919 3081 1954 3123 aa

245 3165 404 3225 momento
427 3157 560 3222 curavit.

96 3259 223 3325 XXVII
338 3265 419 3342 (130)
447 3260 538 3338 Quae
566 3260 600 3324 in
631 3258 751 3323 sanctis
774 3259 841 3323 suis
865 3259 1013 3325 dominns
1035 3267 1185 3344 operatur
1207 3266 1282 3325 sunt
1304 3260 1433 3341 quidem
1457 3259 1651 3339 ineffabilia,
1686 3258 1746 3324 sed
1769 3267 1894 3330 tamen

245 3364 447 3430 incredibilia
476 3384 538 3428 non
569 3369 644 3428 sunt
671 3362 898 3446 omnipotentis
921 3363 1041 3428 Christi
1064 3363 1232 3428 miracula.
1280 3362 1329 3428 De
1352 3364 1446 3428 beato
1469 3382 1545 3446 crgo
1567 3361 1715 3427 Maurilio
1737 3383 1807 3429 non
1835 3386 1894 3433 so-

244 3470 311 3534 lum
341 3467 511 3551 generales
541 3475 573 3533 et
602 3465 778 3532 cotidianas
808 3485 888 3547 quas
917 3487 976 3551 per
1004 3486 1076 3532 enm
1100 3466 1247 3531 dominns
1271 3467 1464 3550 operabatur
1486 3466 1620 3531 virtutes
1643 3464 1701 3530 sed
1724 3467 1779 3531 vel
1806 3488 1893 3553 spe-

245 3572 344 3637 ciales
366 3579 488 3637 tantum
512 3577 544 3636 et
568 3570 759 3655 praecipuas
782 3570 921 3635 scribere
945 3569 1042 3653 digne
1065 3569 1137 3652 quis
1160 3569 1294 3654 poterit?
1343 3571 1425 3651 (131)
1454 3569 1558 3634 Vnum
1574 3568 1630 3634 sed
1646 3575 1755 3633 tamen
1771 3571 1893 3640 adbuc
1913 3597 1948 3639 ao

245 3673 391 3739 mirabile
417 3673 605 3739 miraculum
635 3672 721 3755 quod
751 3673 868 3737 nostris
897 3673 1044 3737 omnibns
1073 3680 1106 3738 et
1135 3671 1244 3736 multis
1273 3671 1338 3736 iam
1368 3672 1442 3737 aliis
1472 3672 1656 3756 regionibus
1686 3678 1736 3737 est
1767 3682 1890 3741 notum

244 3779 381 3861 qualiter
410 3798 468 3862 per·
497 3796 569 3842 eum
597 3775 745 3841 dominns
768 3775 880 3840 iecerit
902 3775 1120 3842 adnectemus.
1170 3775 1362 3858 Peregrinus
1386 3775 1516 3856 qnidam
1541 3775 1615 3840 dnm
1639 3774 1772 3840 hiemali
1794 3784 1890 3844 tem-

245 4058 372 4105 erectione
391 4070 446 4104 cum
466 4057 520 4117 ipso
539 4068 617 4116 aquae
636 4053 743 4101 decursu
763 4053 940 4116 descenderet,
968 4055 1084 4103 navicula
1102 4056 1185 4115 coepit
1203 4055 1281 4113 mergi
1300 4056 1378 4100 tinctu
1398 4054 1598 4113 intumescente,
1624 4057 1736 4100 sanctum
1756 4067 1819 4102 vero
1840 4058 1888 4106 dei

244 4144 396 4193 sacerdotem
422 4155 453 4188 ex
478 4142 609 4188 nocturnis
634 4141 766 4199 fatigatum
792 4140 884 4199 vigiliis
909 4153 980 4201 sopor
1003 4147 1168 4202 oppresserat.
1207 4140 1363 4188 accedentes
1382 4139 1442 4187 socii
1461 4140 1649 4187 suscitaverunt
1666 4150 1723 4186 enm
1742 4138 1884 4192 dicentes:

243 4230 309 4288 Quid
332 4234 372 4277 est
396 4228 462 4289 quod
485 4228 556 4287 agis‘l
583 4228 632 4273 iam
656 4226 776 4287 perimus.
815 4225 861 4272 lile
888 4226 1023 4274 clementer
1047 4227 1201 4290 respondens
1226 4228 1260 4273 alt
1285 4227 1337 4274 eis:
1362 4225 1468 4273 Vosmet
1493 4226 1542 4286 ipsi
1560 4224 1606 4273 hoc
1624 4226 1705 4272 iacere
1723 4230 1886 4293 potueratis,

243 4316 346 4376 iratres,
373 4321 398 4361 et
423 4319 523 4375 accepta
547 4313 656 4372 ampulla
679 4313 721 4360 nbi
746 4317 846 4359 sanctus
872 4313 955 4374 liquor
974 4318 1038 4371 erat,
1066 4313 1135 4361 indit
1153 4314 1178 4361 in
1198 4314 1290 4361 flnctus
1309 4312 1390 4361 oleum
1410 4324 1465 4360 cnm
1485 4312 1595 4359 oratione
1614 4315 1639 4359 et
1657 4322 1713 4357 mox
1732 4310 1803 4359 unda
1823 4326 1887 4364 cas·

244 4402 309 4448 sarit
327 4401 373 4447 sub
392 4405 517 4449 momento
536 4398 719 4459 tranquillitate
739 4397 848 4445 reducta.

331 4485 428 4536 11-21
450 4483 618 4545 Mopnohodas
636 4499 657 4533 c.
679 4486 728 4530 it:
752 4484 865 4532 Absente
889 4484 953 4532 forte
972 4492 1056 4533 sancto
1075 4485 1191 4534 Mauriilo
1210 4486 1327 4547 pontitice
1346 4485 1452 4546 quadam
1473 4484 1513 4531 die
1531 4495 1600 4531 unns
1618 4481 1649 4529 de
1667 4494 1771 4529 numero
1791 4481 1886 4533 famu-

242 4575 321 4622 lorum
340 4573 460 4621 ecciesiae
478 4571 652 4619 vehementem
670 4570 766 4618 febrem
785 4571 900 4619 incurrit.
939 4571 1058 4619 Defertur
1075 4572 1102 4619 in
1121 4572 1242 4620 ecclesiae
1261 4574 1404 4631 sacrarium,
1427 4570 1470 4617 nbi
1490 4569 1598 4631 suspiria
1616 4572 1642 4616 et
1660 4566 1788 4626 singultus
1808 4572 1886 4619 mix-

243 4667 331 4721 tasque
354 4659 468 4707 lacrimas
493 4671 569 4721 super
594 4671 651 4705 eum
676 4658 836 4705 deducebant
854 4658 1069 4706 oculisociornm.
1108 4659 1160 4706 Iam
1180 4658 1282 4719 quidem
1300 4657 1495 4706 catechumenus
1514 4659 1576 4703 arat.
1615 4652 1703 4701 Subito
1721 4653 1763 4700 del
1783 4655 1885 4704 volun-

243 4750 294 4793 tate
313 4744 450 4792 adveniens
468 4745 557 4791 beatus
570 4743 702 4792 Manrilius
720 4745 748 4792 iu
766 4744 821 4806 ipso
839 4744 889 4791 iam
908 4745 959 4792 iam
977 4743 1057 4792 intnri
1074 4745 1161 4792 exitus
1180 4744 1284 4792 articulo
1302 4745 1438 4805 praecepit,
1460 4747 1490 4789 ut
1508 4740 1686 4801 egrederentur
1697 4740 1783 4786 cuncti
1796 4739 1882 4792 foras.

242 4833 300 4894 Ipsa
319 4832 452 4890 singularis
471 4844 528 4878 cnm
547 4843 625 4893 puero
643 4832 773 4890 remansit,
794 4832 837 4893 qui
858 4832 900 4878 rix
920 4830 1021 4879 tandem
1040 4844 1156 4893 supremo
1176 4831 1269 4892 spiritu
1287 4830 1431 4890 palpitabat.
1471 4829 1553 4876 Vnius
1572 4825 1644 4875 horae
1661 4826 1772 4886 spatium
1791 4839 1884 4877 mora·

242 4922 283 4965 tns
302 4930 388 4965 servus
406 4917 457 4979 dei,
476 4930 533 4966 ecce
551 4918 678 4978 egreditur
696 4930 752 4966 cnm
771 4930 848 4979 puero
866 4919 978 4977 integrae
996 4918 1125 4979 sospitatis
1145 4917 1254 4965 iactante
1274 4929 1377 4964 munere
1395 4916 1536 4977 repentino.

329 5002 430 5053 23-26
450 5002 621 5064 Moyaotodua
639 5019 660 5052 c.
682 5006 731 5053 95:
758 5004 857 5052 Miseria
881 5003 990 5051 foedatos
1014 5003 1162 5051 vulneribus
1188 5002 1248 5050 duos
1273 5003 1381 5064 leprosos
1404 5006 1507 5048 sanctus
1531 4998 1572 5046 dei
1596 4997 1722 5046 confessor
1739 4995 1884 5050 hienrilius

242 5092 316 5138 rerbo
334 5091 505 5139 tantummodo
523 5090 663 5138 medicante
682 5091 787 5137 curauit.
828 5088 890 5136 Nam
909 5090 1041 5136 alimoniae
1060 5090 1152 5151 stipem
1172 5094 1303 5150 poscentes
1322 5089 1381 5149 pins
1399 5093 1483 5148 pastor
1502 5086 1580 5132 multo
1598 5085 1689 5132 maiore
1707 5096 1783 5145 quam
1802 5093 1885 5146 pete·

241 5184 298 5225 rent
316 5179 504 5225 commiseratus
523 5177 656 5225 elementia
674 5178 757 5225 subito
776 5177 840 5224 cutis
859 5182 971 5237 reparato
990 5175 1076 5223 decore
1096 5177 1237 5235 insperatae
1257 5175 1359 5222 sanitati
1379 5175 1538 5221 restamavit.

328 5263 359 5312 27
379 5291 413 5300 —
429 5280 456 5325 p.
472 5264 513 5324 99,
535 5264 553 5312 1.
571 5263 601 5311 15
622 5262 791 5324 Mcqaobodus
810 5277 830 5310 c.
853 5264 904 5310 at:
925 5261 995 5320 Quod
1015 5263 1108 5309 iactum
1128 5264 1215 5310 estad
1235 5261 1353 5309 ecclesiae
1373 5260 1414 5307 del
1432 5259 1631 5307 aedificationem
1649 5254 1798 5303 miraculum
1818 5270 1882 5306 ma-

242 5351 388 5397 nifestatum
407 5356 446 5398 est
464 5351 581 5397 universo
601 5349 737 5396 vicinarum
757 5356 875 5396 terrarum
895 5350 982 5408 spatio.
1016 5348 1079 5397 Cam
1098 5349 1192 5395 eiectus
1211 5347 1252 5394 dei
1271 5352 1372 5395 sanctus
1392 5346 1527 5393 Manrilius
1547 5342 1636 5390 hiemis
1654 5347 1764 5403 tempore
1783 5340 1815 5387 ad
1836 5346 1883 5392 vi-

242 5449 298 5483 cum
319 5419 478 5498 Saponariam
497 5449 541 5496 pro
560 5436 707 5483 necessariis
725 5436 807 5495 gregis
826 5435 866 5482 sui
886 5436 933 5482 lter
952 5435 1014 5482 iilud
1034 5449 1108 5483 suum
1128 5434 1277 5482 incessabile
1296 5435 1401 5492 iaceret,
1428 5433 1465 5480 ita
1483 5443 1550 5478 mors
1568 5429 1651 5476 subita
1670 5428 1822 5487 contigerat,
1849 5437 1883 5478 ut

457 5594 484 5599 ...-
499 5588 656 5598 ..--.-—a.

330 5695 344 5743 5
363 5696 511 5742 constitutos
535 5695 573 5754 {G}
687 5692 715 5740 11
735 5688 837 5758 sponte]
856 5706 904 5740 om.
922 5692 944 5738 P
