<?xml version="1.0" encoding="UTF-8"?>
<!DOCTYPE html PUBLIC "-//W3C//DTD XHTML 1.0 Transitional//EN"
    "http://www.w3.org/TR/xhtml1/DTD/xhtml1-transitional.dtd">
<html xmlns="http://www.w3.org/1999/xhtml" xml:lang="en" lang="en">
 <head>
  <title>
</title>
<meta http-equiv="Content-Type" content="text/html;charset=utf-8" />
  <meta name='ocr-system' content='tesseract 3.04.00' />
  <meta name='ocr-capabilities' content='ocr_page ocr_carea ocr_par ocr_line ocrx_word'/>
</head>
<body>
  <div class='ocr_page' id='page_1' title='image "./venantihonoricl00unkngoog_0530.png"; bbox 0 0 4374 6186; ppageno 0'>
   <div class='ocr_carea' id='block_1_1' title="bbox 870 406 1884 468">
    <p class='ocr_par' dir='ltr' id='par_1_1' title="bbox 870 406 1884 468">
     <span class='ocr_line' id='line_1_1' title="bbox 870 406 1884 468; baseline 0.003 -5"><span class='ocrx_word' id='word_1_1' title='bbox 870 408 963 464; x_wconf 84' lang='lat' dir='ltr'>VITA</span> <span class='ocrx_word' id='word_1_2' title='bbox 982 406 1120 464; x_wconf 81' lang='lat' dir='ltr'>SANCTI</span> <span class='ocrx_word' id='word_1_3' title='bbox 1137 406 1277 463; x_wconf 83' lang='lat' dir='ltr'>ALBINI.</span> <span class='ocrx_word' id='word_1_4' title='bbox 1845 406 1884 468; x_wconf 82' lang='lat'><strong>31</strong></span> 
     </span>
    </p>
   </div>
   <div class='ocr_carea' id='block_1_2' title="bbox 218 592 2002 5137">
    <p class='ocr_par' dir='ltr' id='par_1_2' title="bbox 265 592 1891 789">
     <span class='ocr_line' id='line_1_2' title="bbox 265 592 1891 684; baseline -0.004 -19"><span class='ocrx_word' id='word_1_5' title='bbox 265 600 413 666; x_wconf 80' lang='lat' dir='ltr'><strong>discessit</strong></span> <span class='ocrx_word' id='word_1_6' title='bbox 440 621 536 683; x_wconf 90' lang='lat' dir='ltr'><strong>quam</strong></span> <span class='ocrx_word' id='word_1_7' title='bbox 567 600 641 664; x_wconf 91' lang='lat' dir='ltr'><strong>dato</strong></span> <span class='ocrx_word' id='word_1_8' title='bbox 671 598 739 682; x_wconf 92' lang='lat' dir='ltr'><strong>regi</strong></span> <span class='ocrx_word' id='word_1_9' title='bbox 768 599 871 684; x_wconf 89' lang='lat' dir='ltr'><strong>pretio</strong></span> <span class='ocrx_word' id='word_1_10' title='bbox 899 599 971 683; x_wconf 91' lang='lat' dir='ltr'><strong>ipse</strong></span> <span class='ocrx_word' id='word_1_11' title='bbox 1001 618 1073 663; x_wconf 91' lang='lat' dir='ltr'><strong>eam</strong></span> <span class='ocrx_word' id='word_1_12' title='bbox 1103 597 1265 664; x_wconf 88' lang='lat' dir='ltr'><strong>liberaret.</strong></span> <span class='ocrx_word' id='word_1_13' title='bbox 1313 596 1367 662; x_wconf 85' lang='lat' dir='ltr'><strong>Sic</strong></span> <span class='ocrx_word' id='word_1_14' title='bbox 1395 615 1459 661; x_wconf 91' lang='lat' dir='ltr'><strong>uno</strong></span> <span class='ocrx_word' id='word_1_15' title='bbox 1481 602 1641 662; x_wconf 88' lang='lat' dir='ltr'><strong>momento</strong></span> <span class='ocrx_word' id='word_1_16' title='bbox 1664 601 1696 661; x_wconf 88' lang='lat' dir='ltr'><strong>et</strong></span> <span class='ocrx_word' id='word_1_17' title='bbox 1718 595 1807 659; x_wconf 88' lang='lat' dir='ltr'><strong>salus</strong></span> <span class='ocrx_word' id='word_1_18' title='bbox 1829 592 1891 658; x_wconf 91' lang='lat' dir='ltr'><strong>fuit</strong></span> 
     </span>
     <span class='ocr_line' id='line_1_3' title="bbox 265 702 961 789; baseline -0.003 -21"><span class='ocrx_word' id='word_1_19' title='bbox 265 702 403 789; x_wconf 88' lang='lat' dir='ltr'><strong>supplici</strong></span> <span class='ocrx_word' id='word_1_20' title='bbox 426 711 459 768; x_wconf 91' lang='lat' dir='ltr'><strong>et</strong></span> <span class='ocrx_word' id='word_1_21' title='bbox 480 722 564 769; x_wconf 88' lang='lat' dir='ltr'><strong>mors</strong></span> <span class='ocrx_word' id='word_1_22' title='bbox 587 703 693 768; x_wconf 83' lang='lat' dir='ltr'><strong>extitit</strong></span> <span class='ocrx_word' id='word_1_23' title='bbox 716 702 961 788; x_wconf 80' lang='lat' dir='ltr'><strong>praesumptori.</strong></span> 
     </span>
    </p>

    <p class='ocr_par' dir='ltr' id='par_1_3' title="bbox 265 797 1993 992">
     <span class='ocr_line' id='line_1_4' title="bbox 355 797 1993 890; baseline -0.005 -19"><span class='ocrx_word' id='word_1_24' title='bbox 355 808 415 890; x_wconf 79' lang='grc'><strong>136)</strong></span> <span class='ocrx_word' id='word_1_25' title='bbox 443 808 512 872; x_wconf 87' lang='lat' dir='ltr'><strong>Nec</strong></span> <span class='ocrx_word' id='word_1_26' title='bbox 542 807 577 872; x_wconf 89' lang='lat' dir='ltr'><strong>id</strong></span> <span class='ocrx_word' id='word_1_27' title='bbox 599 806 728 890; x_wconf 86' lang='lat' dir='ltr'><strong>quidem</strong></span> <span class='ocrx_word' id='word_1_28' title='bbox 753 813 802 871; x_wconf 88' lang='lat' dir='ltr'><strong>est</strong></span> <span class='ocrx_word' id='word_1_29' title='bbox 824 804 1033 870; x_wconf 88' lang='lat' dir='ltr'><strong>omittendum</strong></span> <span class='ocrx_word' id='word_1_30' title='bbox 1057 805 1143 886; x_wconf 91' lang='lat' dir='ltr'><strong>quod</strong></span> <span class='ocrx_word' id='word_1_31' title='bbox 1164 804 1250 869; x_wconf 92' lang='lat' dir='ltr'><strong>tradi</strong></span> <span class='ocrx_word' id='word_1_32' title='bbox 1272 803 1443 869; x_wconf 89' lang='lat' dir='ltr'><strong>memoriae</strong></span> <span class='ocrx_word' id='word_1_33' title='bbox 1466 803 1502 868; x_wconf 89' lang='grc'><strong>111</strong></span> <span class='ocrx_word' id='word_1_34' title='bbox 1523 802 1676 868; x_wconf 89' lang='lat' dir='ltr'><strong>votivum.</strong></span> <span class='ocrx_word' id='word_1_35' title='bbox 1723 802 1761 867; x_wconf 94' lang='lat' dir='ltr'><strong>In</strong></span> <span class='ocrx_word' id='word_1_36' title='bbox 1783 801 1889 866; x_wconf 91' lang='lat' dir='ltr'><strong>vicum</strong></span> <span class='ocrx_word' id='word_1_37' title='bbox 1911 797 1993 863; x_wconf 89' lang='lat' dir='ltr'>XIII</span> 
     </span>
     <span class='ocr_line' id='line_1_5' title="bbox 265 903 1890 992; baseline -0.004 -17"><span class='ocrx_word' id='word_1_38' title='bbox 265 910 356 975; x_wconf 89' lang='lat' dir='ltr'><strong>cuius</strong></span> <span class='ocrx_word' id='word_1_39' title='bbox 384 911 575 975; x_wconf 88' lang='lat' dir='ltr'><strong>vocabulum</strong></span> <span class='ocrx_word' id='word_1_40' title='bbox 606 917 657 975; x_wconf 90' lang='lat' dir='ltr'><strong>cst</strong></span> <span class='ocrx_word' id='word_1_41' title='bbox 678 909 808 974; x_wconf 85' lang='lat' dir='ltr'><strong>Albivia</strong></span> <span class='ocrx_word' id='word_1_42' title='bbox 838 909 910 992; x_wconf 90' lang='lat' dir='ltr'><strong>piae</strong></span> <span class='ocrx_word' id='word_1_43' title='bbox 934 908 1113 973; x_wconf 90' lang='lat' dir='ltr'><strong>devotionis</strong></span> <span class='ocrx_word' id='word_1_44' title='bbox 1136 907 1243 972; x_wconf 89' lang='lat' dir='ltr'><strong>studio</strong></span> <span class='ocrx_word' id='word_1_45' title='bbox 1267 915 1398 973; x_wconf 88' lang='lat' dir='ltr'><strong>sanetus</strong></span> <span class='ocrx_word' id='word_1_46' title='bbox 1421 915 1513 991; x_wconf 89' lang='lat' dir='ltr'><strong>pater</strong></span> <span class='ocrx_word' id='word_1_47' title='bbox 1534 907 1683 972; x_wconf 89' lang='lat' dir='ltr'><strong>accessit.</strong></span> <span class='ocrx_word' id='word_1_48' title='bbox 1731 905 1792 971; x_wconf 93' lang='lat' dir='ltr'><strong>Vbi</strong></span> <span class='ocrx_word' id='word_1_49' title='bbox 1814 903 1890 969; x_wconf 92' lang='lat' dir='ltr'><strong>dum</strong></span> 
     </span>
    </p>

    <p class='ocr_par' dir='ltr' id='par_1_4' title="bbox 233 1009 1895 1511">
     <span class='ocr_line' id='line_1_6' title="bbox 233 1009 1892 1097; baseline 0 -26"><span class='ocrx_word' id='word_1_50' title='bbox 233 1013 395 1097; x_wconf 74' lang='lat' dir='ltr'><strong>aquidum</strong></span> <span class='ocrx_word' id='word_1_51' title='bbox 419 1033 534 1079; x_wconf 88' lang='lat' dir='ltr'><strong>caecus</strong></span> <span class='ocrx_word' id='word_1_52' title='bbox 557 1014 598 1078; x_wconf 92' lang='lat' dir='ltr'><strong>ab</strong></span> <span class='ocrx_word' id='word_1_53' title='bbox 622 1033 660 1079; x_wconf 93' lang='lat' dir='ltr'><strong>eo</strong></span> <span class='ocrx_word' id='word_1_54' title='bbox 683 1033 775 1097; x_wconf 89' lang='lat' dir='ltr'><strong>opem</strong></span> <span class='ocrx_word' id='word_1_55' title='bbox 800 1012 1037 1077; x_wconf 88' lang='lat' dir='ltr'><strong>misericordiae</strong></span> <span class='ocrx_word' id='word_1_56' title='bbox 1061 1012 1257 1096; x_wconf 80' lang='lat' dir='ltr'><strong>postularet,</strong></span> <span class='ocrx_word' id='word_1_57' title='bbox 1285 1011 1391 1094; x_wconf 90' lang='lat' dir='ltr'><strong>coepit</strong></span> <span class='ocrx_word' id='word_1_58' title='bbox 1413 1010 1509 1094; x_wconf 91' lang='lat' dir='ltr'><strong>idem,</strong></span> <span class='ocrx_word' id='word_1_59' title='bbox 1536 1011 1612 1093; x_wconf 91' lang='lat' dir='ltr'><strong>quia</strong></span> <span class='ocrx_word' id='word_1_60' title='bbox 1635 1009 1755 1074; x_wconf 93' lang='lat' dir='ltr'><strong>dudum</strong></span> <span class='ocrx_word' id='word_1_61' title='bbox 1779 1015 1892 1093; x_wconf 90' lang='lat' dir='ltr'><strong>captus</strong></span> 
     </span>
     <span class='ocr_line' id='line_1_7' title="bbox 265 1113 1889 1200; baseline -0.002 -20"><span class='ocrx_word' id='word_1_62' title='bbox 265 1115 371 1181; x_wconf 87' lang='lat' dir='ltr'><strong>fuerat</strong></span> <span class='ocrx_word' id='word_1_63' title='bbox 399 1116 606 1183; x_wconf 90' lang='lat' dir='ltr'><strong>infestatione</strong></span> <span class='ocrx_word' id='word_1_64' title='bbox 635 1117 812 1195; x_wconf 91' lang='lat' dir='ltr'><strong>daemonii,</strong></span> <span class='ocrx_word' id='word_1_65' title='bbox 851 1116 991 1200; x_wconf 91' lang='lat' dir='ltr'><strong>corporis</strong></span> <span class='ocrx_word' id='word_1_66' title='bbox 1022 1115 1190 1180; x_wconf 81' lang='lat' dir='ltr'><strong>vexatione</strong></span> <span class='ocrx_word' id='word_1_67' title='bbox 1220 1114 1370 1197; x_wconf 86' lang='lat' dir='ltr'><strong>torqueri.</strong></span> <span class='ocrx_word' id='word_1_68' title='bbox 1432 1115 1492 1197; x_wconf 74' lang='lat'><strong>(37)</strong></span> <span class='ocrx_word' id='word_1_69' title='bbox 1520 1116 1611 1178; x_wconf 87' lang='lat' dir='ltr'><strong>Tunc</strong></span> <span class='ocrx_word' id='word_1_70' title='bbox 1640 1113 1674 1177; x_wconf 93' lang='lat' dir='ltr'><strong>in</strong></span> <span class='ocrx_word' id='word_1_71' title='bbox 1704 1113 1889 1193; x_wconf 86' lang='lat' dir='ltr'><strong>orationem,</strong></span> 
     </span>
     <span class='ocr_line' id='line_1_8' title="bbox 266 1217 1894 1304; baseline -0.002 -21"><span class='ocrx_word' id='word_1_72' title='bbox 266 1220 317 1284; x_wconf 91' lang='lat' dir='ltr'><strong>cui</strong></span> <span class='ocrx_word' id='word_1_73' title='bbox 340 1240 466 1304; x_wconf 90' lang='lat' dir='ltr'><strong>semper</strong></span> <span class='ocrx_word' id='word_1_74' title='bbox 488 1220 586 1284; x_wconf 90' lang='lat' dir='ltr'><strong>animi</strong></span> <span class='ocrx_word' id='word_1_75' title='bbox 609 1227 722 1285; x_wconf 88' lang='lat' dir='ltr'><strong>sancta</strong></span> <span class='ocrx_word' id='word_1_76' title='bbox 745 1220 913 1284; x_wconf 90' lang='lat' dir='ltr'><strong>devotione</strong></span> <span class='ocrx_word' id='word_1_77' title='bbox 937 1219 1089 1300; x_wconf 88' lang='lat' dir='ltr'><strong>vacabat,</strong></span> <span class='ocrx_word' id='word_1_78' title='bbox 1118 1239 1234 1303; x_wconf 92' lang='lat' dir='ltr'><strong>corpus</strong></span> <span class='ocrx_word' id='word_1_79' title='bbox 1258 1219 1354 1285; x_wconf 91' lang='lat' dir='ltr'><strong>etiam</strong></span> <span class='ocrx_word' id='word_1_80' title='bbox 1378 1218 1549 1303; x_wconf 90' lang='lat' dir='ltr'><strong>prostravit</strong></span> <span class='ocrx_word' id='word_1_81' title='bbox 1571 1223 1761 1302; x_wconf 87' lang='lat' dir='ltr'><strong>raptumque</strong></span> <span class='ocrx_word' id='word_1_82' title='bbox 1784 1217 1894 1280; x_wconf 91' lang='lat' dir='ltr'><strong>lumen</strong></span> 
     </span>
     <span class='ocr_line' id='line_1_9' title="bbox 265 1319 1894 1407; baseline -0.001 -20"><span class='ocrx_word' id='word_1_83' title='bbox 265 1323 433 1407; x_wconf 90' lang='lat' dir='ltr'><strong>pristinum</strong></span> <span class='ocrx_word' id='word_1_84' title='bbox 463 1323 603 1389; x_wconf 87' lang='lat' dir='ltr'><strong>reddidit</strong></span> <span class='ocrx_word' id='word_1_85' title='bbox 632 1324 734 1389; x_wconf 91' lang='lat' dir='ltr'><strong>oeulis</strong></span> <span class='ocrx_word' id='word_1_86' title='bbox 765 1330 797 1389; x_wconf 93' lang='lat' dir='ltr'><strong>et</strong></span> <span class='ocrx_word' id='word_1_87' title='bbox 825 1330 949 1407; x_wconf 90' lang='lat' dir='ltr'><strong>pestem</strong></span> <span class='ocrx_word' id='word_1_88' title='bbox 979 1321 1123 1386; x_wconf 91' lang='lat' dir='ltr'><strong>inmundi</strong></span> <span class='ocrx_word' id='word_1_89' title='bbox 1155 1323 1285 1407; x_wconf 91' lang='lat' dir='ltr'><strong>spiritus</strong></span> <span class='ocrx_word' id='word_1_90' title='bbox 1316 1322 1482 1405; x_wconf 85' lang='lat' dir='ltr'><strong>effugavit.</strong></span> <span class='ocrx_word' id='word_1_91' title='bbox 1530 1321 1557 1387; x_wconf 89' lang='grc' dir='ltr'>Ο</span> <span class='ocrx_word' id='word_1_92' title='bbox 1586 1321 1761 1386; x_wconf 83' lang='lat' dir='ltr'><strong>ineffabilis</strong></span> <span class='ocrx_word' id='word_1_93' title='bbox 1788 1319 1894 1403; x_wconf 89' lang='lat' dir='ltr'><strong>gratia</strong></span> 
     </span>
     <span class='ocr_line' id='line_1_10' title="bbox 266 1423 1895 1511; baseline -0.002 -21"><span class='ocrx_word' id='word_1_94' title='bbox 266 1426 414 1510; x_wconf 88' lang='lat' dir='ltr'><strong>pietatis,</strong></span> <span class='ocrx_word' id='word_1_95' title='bbox 448 1448 468 1491; x_wconf 87' lang='lat' dir='ltr'><strong>a</strong></span> <span class='ocrx_word' id='word_1_96' title='bbox 498 1447 562 1509; x_wconf 91' lang='lat' dir='ltr'><strong>qua</strong></span> <span class='ocrx_word' id='word_1_97' title='bbox 585 1427 661 1492; x_wconf 91' lang='lat' dir='ltr'><strong>dum</strong></span> <span class='ocrx_word' id='word_1_98' title='bbox 685 1427 864 1491; x_wconf 89' lang='lat' dir='ltr'><strong>substantia</strong></span> <span class='ocrx_word' id='word_1_99' title='bbox 887 1427 956 1491; x_wconf 86' lang='lat' dir='ltr'><strong>sola</strong></span> <span class='ocrx_word' id='word_1_100' title='bbox 979 1427 1115 1511; x_wconf 92' lang='lat' dir='ltr'><strong>petitur,</strong></span> <span class='ocrx_word' id='word_1_101' title='bbox 1148 1426 1266 1510; x_wconf 80' lang='lat' dir='ltr'><strong>triplex</strong></span> <span class='ocrx_word' id='word_1_102' title='bbox 1289 1426 1464 1490; x_wconf 90' lang='lat' dir='ltr'><strong>remedium</strong></span> <span class='ocrx_word' id='word_1_103' title='bbox 1488 1425 1663 1508; x_wconf 80' lang='lat' dir='ltr'><strong>obtinetur,</strong></span> <span class='ocrx_word' id='word_1_104' title='bbox 1697 1424 1782 1490; x_wconf 89' lang='lat' dir='ltr'><strong>victu</strong></span> <span class='ocrx_word' id='word_1_105' title='bbox 1806 1423 1895 1509; x_wconf 90' lang='lat' dir='ltr'><strong>pavit</strong></span> 
     </span>
    </p>

    <p class='ocr_par' dir='ltr' id='par_1_5' title="bbox 218 1530 1444 1614">
     <span class='ocr_line' id='line_1_11' title="bbox 218 1530 1444 1614; baseline 0.002 -23"><span class='ocrx_word' id='word_1_106' title='bbox 218 1549 247 1591; x_wconf 87' lang='lat' dir='ltr'><strong>ru</strong></span> <span class='ocrx_word' id='word_1_107' title='bbox 269 1551 415 1614; x_wconf 92' lang='lat' dir='ltr'><strong>egenum,</strong></span> <span class='ocrx_word' id='word_1_108' title='bbox 443 1532 623 1596; x_wconf 84' lang='lat' dir='ltr'><strong>muneravit</strong></span> <span class='ocrx_word' id='word_1_109' title='bbox 644 1531 716 1595; x_wconf 90' lang='lat' dir='ltr'><strong>visu</strong></span> <span class='ocrx_word' id='word_1_110' title='bbox 739 1538 915 1612; x_wconf 87' lang='lat' dir='ltr'><strong>caecatum,</strong></span> <span class='ocrx_word' id='word_1_111' title='bbox 942 1530 1085 1595; x_wconf 88' lang='lat' dir='ltr'><strong>reddidit</strong></span> <span class='ocrx_word' id='word_1_112' title='bbox 1106 1530 1245 1596; x_wconf 87' lang='lat' dir='ltr'><strong>libertati</strong></span> <span class='ocrx_word' id='word_1_113' title='bbox 1269 1530 1444 1614; x_wconf 90' lang='lat' dir='ltr'><strong>captivum.</strong></span> 
     </span>
    </p>

    <p class='ocr_par' dir='ltr' id='par_1_6' title="bbox 267 1628 1995 2031">
     <span class='ocr_line' id='line_1_12' title="bbox 358 1628 1995 1718; baseline -0.003 -20"><span class='ocrx_word' id='word_1_114' title='bbox 358 1636 418 1716; x_wconf 84' lang='grc'>(38)</span> <span class='ocrx_word' id='word_1_115' title='bbox 446 1636 590 1718; x_wconf 89' lang='lat' dir='ltr'><strong>Itemque</strong></span> <span class='ocrx_word' id='word_1_116' title='bbox 613 1642 795 1700; x_wconf 90' lang='lat' dir='ltr'><strong>occurrente</strong></span> <span class='ocrx_word' id='word_1_117' title='bbox 820 1655 857 1699; x_wconf 89' lang='lat' dir='ltr'><strong>eo</strong></span> <span class='ocrx_word' id='word_1_118' title='bbox 880 1634 949 1717; x_wconf 86' lang='lat' dir='ltr'><strong>regi</strong></span> <span class='ocrx_word' id='word_1_119' title='bbox 973 1633 1221 1699; x_wconf 81' lang='lat' dir='ltr'><strong>(lhildeberctho</strong></span> <span class='ocrx_word' id='word_1_120' title='bbox 1244 1633 1404 1713; x_wconf 90' lang='lat' dir='ltr'><strong>Parisius,</strong></span> <span class='ocrx_word' id='word_1_121' title='bbox 1436 1633 1600 1698; x_wconf 88' lang='lat' dir='ltr'><strong>nuntiatur</strong></span> <span class='ocrx_word' id='word_1_122' title='bbox 1621 1631 1764 1717; x_wconf 86' lang='lat' dir='ltr'><strong>pontifici</strong></span> <span class='ocrx_word' id='word_1_123' title='bbox 1786 1651 1895 1713; x_wconf 88' lang='lat' dir='ltr'><strong>regem</strong></span> <span class='ocrx_word' id='word_1_124' title='bbox 1918 1628 1995 1694; x_wconf 92' lang='lat' dir='ltr'><strong>XIV</strong></span> 
     </span>
     <span class='ocr_line' id='line_1_13' title="bbox 267 1734 1898 1819; baseline -0.002 -16"><span class='ocrx_word' id='word_1_125' title='bbox 267 1738 446 1805; x_wconf 89' lang='lat' dir='ltr'><strong>venationis</strong></span> <span class='ocrx_word' id='word_1_126' title='bbox 471 1759 569 1804; x_wconf 89' lang='lat' dir='ltr'><strong>causa</strong></span> <span class='ocrx_word' id='word_1_127' title='bbox 592 1739 632 1804; x_wconf 90' lang='grc'><strong>(10</strong></span> <span class='ocrx_word' id='word_1_128' title='bbox 655 1738 785 1803; x_wconf 91' lang='lat' dir='ltr'><strong>civitate</strong></span> <span class='ocrx_word' id='word_1_129' title='bbox 811 1739 842 1802; x_wconf 92' lang='lat' dir='ltr'><strong>in</strong></span> <span class='ocrx_word' id='word_1_130' title='bbox 867 1738 1038 1803; x_wconf 88' lang='lat' dir='ltr'><strong>erastinum</strong></span> <span class='ocrx_word' id='word_1_131' title='bbox 1062 1757 1134 1803; x_wconf 89' lang='lat' dir='ltr'><strong>esse</strong></span> <span class='ocrx_word' id='word_1_132' title='bbox 1159 1738 1386 1803; x_wconf 88' lang='lat' dir='ltr'><strong>discessurum.</strong></span> <span class='ocrx_word' id='word_1_133' title='bbox 1426 1737 1558 1802; x_wconf 88' lang='lat' dir='ltr'><strong>Mandat</strong></span> <span class='ocrx_word' id='word_1_134' title='bbox 1580 1744 1614 1801; x_wconf 92' lang='lat' dir='ltr'><strong>ut</strong></span> <span class='ocrx_word' id='word_1_135' title='bbox 1637 1755 1672 1801; x_wconf 89' lang='lat' dir='ltr'><strong>se</strong></span> <span class='ocrx_word' id='word_1_136' title='bbox 1689 1736 1821 1819; x_wconf 88' lang='lat' dir='ltr'><strong>dignum</strong></span> <span class='ocrx_word' id='word_1_137' title='bbox 1838 1734 1898 1799; x_wconf 92' lang='lat' dir='ltr'><strong>du-</strong></span> 
     </span>
     <span class='ocr_line' id='line_1_14' title="bbox 267 1837 1990 1927; baseline -0.003 -20"><span class='ocrx_word' id='word_1_138' title='bbox 267 1848 355 1908; x_wconf 89' lang='grc'><strong>01101</strong></span> <span class='ocrx_word' id='word_1_139' title='bbox 384 1843 630 1927; x_wconf 80' lang='lat' dir='ltr'><strong>expectandum.</strong></span> <span class='ocrx_word' id='word_1_140' title='bbox 679 1841 745 1907; x_wconf 88' lang='lat' dir='ltr'><strong>Sed</strong></span> <span class='ocrx_word' id='word_1_141' title='bbox 773 1841 850 1924; x_wconf 92' lang='lat' dir='ltr'><strong>quia</strong></span> <span class='ocrx_word' id='word_1_142' title='bbox 878 1843 1008 1906; x_wconf 89' lang='lat' dir='ltr'><strong>beatum</strong></span> <span class='ocrx_word' id='word_1_143' title='bbox 1031 1842 1183 1906; x_wconf 82' lang='lat' dir='ltr'><strong>Albinum</strong></span> <span class='ocrx_word' id='word_1_144' title='bbox 1216 1842 1390 1926; x_wconf 89' lang='lat' dir='ltr'><strong>corporalis</strong></span> <span class='ocrx_word' id='word_1_145' title='bbox 1411 1841 1578 1906; x_wconf 89' lang='lat' dir='ltr'><strong>infirmitas</strong></span> <span class='ocrx_word' id='word_1_146' title='bbox 1602 1839 1822 1925; x_wconf 83' lang='lat' dir='ltr'><strong>praepedivit,</strong></span> <span class='ocrx_word' id='word_1_147' title='bbox 1855 1837 1898 1903; x_wconf 91' lang='lat' dir='ltr'><strong>ad</strong></span> <span class='ocrx_word' id='word_1_148' title='bbox 1987 1860 1990 1865; x_wconf 84' lang='lat'><strong>·</strong></span> 
     </span>
     <span class='ocr_line' id='line_1_15' title="bbox 269 1943 1898 2031; baseline -0.002 -20"><span class='ocrx_word' id='word_1_149' title='bbox 269 1946 337 2011; x_wconf 91' lang='lat' dir='ltr'><strong>eius</strong></span> <span class='ocrx_word' id='word_1_150' title='bbox 368 1947 583 2031; x_wconf 88' lang='lat' dir='ltr'><strong>praesentiam</strong></span> <span class='ocrx_word' id='word_1_151' title='bbox 614 1945 798 2029; x_wconf 90' lang='lat' dir='ltr'><strong>praedictus</strong></span> <span class='ocrx_word' id='word_1_152' title='bbox 822 1966 878 2011; x_wconf 85' lang='lat' dir='ltr'><strong>rex</strong></span> <span class='ocrx_word' id='word_1_153' title='bbox 901 1965 1065 2010; x_wconf 88' lang='lat' dir='ltr'><strong>occurrere</strong></span> <span class='ocrx_word' id='word_1_154' title='bbox 1088 1945 1278 2027; x_wconf 90' lang='lat' dir='ltr'><strong>maturavit,</strong></span> <span class='ocrx_word' id='word_1_155' title='bbox 1312 1945 1367 2026; x_wconf 92' lang='lat' dir='ltr'><strong>qui</strong></span> <span class='ocrx_word' id='word_1_156' title='bbox 1391 1944 1492 2009; x_wconf 92' lang='lat' dir='ltr'><strong>donec</strong></span> <span class='ocrx_word' id='word_1_157' title='bbox 1513 1965 1571 2029; x_wconf 91' lang='lat' dir='ltr'><strong>per</strong></span> <span class='ocrx_word' id='word_1_158' title='bbox 1593 1944 1683 2008; x_wconf 92' lang='lat' dir='ltr'><strong>illam</strong></span> <span class='ocrx_word' id='word_1_159' title='bbox 1706 1943 1791 2008; x_wconf 91' lang='lat' dir='ltr'><strong>viam</strong></span> <span class='ocrx_word' id='word_1_160' title='bbox 1815 1961 1898 2025; x_wconf 89' lang='lat' dir='ltr'><strong>quae</strong></span> 
     </span>
    </p>

    <p class='ocr_par' dir='ltr' id='par_1_7' title="bbox 223 2045 1900 2548">
     <span class='ocr_line' id='line_1_16' title="bbox 223 2045 1898 2134; baseline -0.002 -20"><span class='ocrx_word' id='word_1_161' title='bbox 223 2068 251 2108; x_wconf 79' lang='grc'><strong>11</strong></span> <span class='ocrx_word' id='word_1_162' title='bbox 270 2049 313 2114; x_wconf 91' lang='lat' dir='ltr'><strong>ad</strong></span> <span class='ocrx_word' id='word_1_163' title='bbox 339 2049 538 2115; x_wconf 78' lang='lat' dir='ltr'><strong>sacerdotem</strong></span> <span class='ocrx_word' id='word_1_164' title='bbox 562 2050 701 2114; x_wconf 88' lang='lat' dir='ltr'><strong>ducebat</strong></span> <span class='ocrx_word' id='word_1_165' title='bbox 723 2049 869 2130; x_wconf 88' lang='lat' dir='ltr'><strong>incessit,</strong></span> <span class='ocrx_word' id='word_1_166' title='bbox 904 2047 1042 2114; x_wconf 78' lang='lat' dir='ltr'><strong>feliciter</strong></span> <span class='ocrx_word' id='word_1_167' title='bbox 1064 2049 1256 2134; x_wconf 88' lang='lat' dir='ltr'><strong>properavit.</strong></span> <span class='ocrx_word' id='word_1_168' title='bbox 1309 2050 1370 2133; x_wconf 86' lang='grc'>(39)</span> <span class='ocrx_word' id='word_1_169' title='bbox 1399 2048 1479 2113; x_wconf 83' lang='lat' dir='ltr'><strong>Cum</strong></span> <span class='ocrx_word' id='word_1_170' title='bbox 1502 2068 1579 2114; x_wconf 91' lang='lat' dir='ltr'><strong>vero</strong></span> <span class='ocrx_word' id='word_1_171' title='bbox 1602 2048 1635 2112; x_wconf 94' lang='lat' dir='ltr'><strong>in</strong></span> <span class='ocrx_word' id='word_1_172' title='bbox 1657 2047 1817 2131; x_wconf 89' lang='lat' dir='ltr'><strong>quoddam</strong></span> <span class='ocrx_word' id='word_1_173' title='bbox 1840 2045 1898 2111; x_wconf 92' lang='lat' dir='ltr'><strong>tri-</strong></span> 
     </span>
     <span class='ocr_line' id='line_1_17' title="bbox 268 2151 1898 2237; baseline -0.002 -20"><span class='ocrx_word' id='word_1_174' title='bbox 268 2152 355 2217; x_wconf 90' lang='lat' dir='ltr'><strong>vium</strong></span> <span class='ocrx_word' id='word_1_175' title='bbox 386 2152 588 2237; x_wconf 89' lang='lat' dir='ltr'><strong>pervenisset</strong></span> <span class='ocrx_word' id='word_1_176' title='bbox 617 2154 780 2234; x_wconf 91' lang='lat' dir='ltr'><strong>velletque</strong></span> <span class='ocrx_word' id='word_1_177' title='bbox 808 2153 887 2217; x_wconf 91' lang='lat' dir='ltr'><strong>alibi</strong></span> <span class='ocrx_word' id='word_1_178' title='bbox 918 2152 1064 2234; x_wconf 86' lang='lat' dir='ltr'><strong>deviare,</strong></span> <span class='ocrx_word' id='word_1_179' title='bbox 1098 2172 1199 2235; x_wconf 91' lang='lat' dir='ltr'><strong>equus</strong></span> <span class='ocrx_word' id='word_1_180' title='bbox 1232 2153 1303 2217; x_wconf 89' lang='lat' dir='ltr'><strong>eius</strong></span> <span class='ocrx_word' id='word_1_181' title='bbox 1333 2172 1371 2217; x_wconf 90' lang='lat' dir='ltr'><strong>ac</strong></span> <span class='ocrx_word' id='word_1_182' title='bbox 1394 2152 1421 2216; x_wconf 94' lang='lat' dir='ltr'><strong>si</strong></span> <span class='ocrx_word' id='word_1_183' title='bbox 1445 2153 1610 2217; x_wconf 92' lang='lat' dir='ltr'><strong>metallum</strong></span> <span class='ocrx_word' id='word_1_184' title='bbox 1633 2151 1730 2217; x_wconf 83' lang='lat' dir='ltr'><strong>fusile</strong></span> <span class='ocrx_word' id='word_1_185' title='bbox 1752 2169 1898 2234; x_wconf 87' lang='lat' dir='ltr'><strong>gressum</strong></span> 
     </span>
     <span class='ocr_line' id='line_1_18' title="bbox 270 2255 1897 2340; baseline -0.002 -20"><span class='ocrx_word' id='word_1_186' title='bbox 270 2277 396 2321; x_wconf 88' lang='lat' dir='ltr'><strong>movere</strong></span> <span class='ocrx_word' id='word_1_187' title='bbox 425 2277 488 2322; x_wconf 92' lang='lat' dir='ltr'><strong>non</strong></span> <span class='ocrx_word' id='word_1_188' title='bbox 517 2256 629 2321; x_wconf 91' lang='lat' dir='ltr'><strong>valuit.</strong></span> <span class='ocrx_word' id='word_1_189' title='bbox 676 2257 852 2340; x_wconf 81' lang='lat' dir='ltr'><strong>Suspioans</strong></span> <span class='ocrx_word' id='word_1_190' title='bbox 883 2276 940 2321; x_wconf 85' lang='lat' dir='ltr'><strong>rex</strong></span> <span class='ocrx_word' id='word_1_191' title='bbox 969 2257 1097 2340; x_wconf 90' lang='lat' dir='ltr'><strong>culpam</strong></span> <span class='ocrx_word' id='word_1_192' title='bbox 1127 2275 1199 2322; x_wconf 90' lang='lat' dir='ltr'><strong>csse</strong></span> <span class='ocrx_word' id='word_1_193' title='bbox 1228 2256 1302 2340; x_wconf 90' lang='lat' dir='ltr'><strong>equi</strong></span> <span class='ocrx_word' id='word_1_194' title='bbox 1332 2255 1436 2340; x_wconf 90' lang='lat' dir='ltr'><strong>magis</strong></span> <span class='ocrx_word' id='word_1_195' title='bbox 1467 2276 1563 2338; x_wconf 92' lang='lat' dir='ltr'><strong>quam</strong></span> <span class='ocrx_word' id='word_1_196' title='bbox 1593 2275 1729 2336; x_wconf 89' lang='lat' dir='ltr'><strong>causae,</strong></span> <span class='ocrx_word' id='word_1_197' title='bbox 1763 2255 1897 2319; x_wconf 88' lang='lat' dir='ltr'><strong>alterum</strong></span> 
     </span>
     <span class='ocr_line' id='line_1_19' title="bbox 271 2357 1899 2445; baseline -0.001 -21"><span class='ocrx_word' id='word_1_198' title='bbox 271 2359 332 2424; x_wconf 93' lang='lat' dir='ltr'><strong>sibi</strong></span> <span class='ocrx_word' id='word_1_199' title='bbox 360 2359 436 2425; x_wconf 89' lang='lat' dir='ltr'><strong>fecit</strong></span> <span class='ocrx_word' id='word_1_200' title='bbox 466 2361 581 2441; x_wconf 84' lang='lat' dir='ltr'><strong>sterni,</strong></span> <span class='ocrx_word' id='word_1_201' title='bbox 616 2381 708 2443; x_wconf 90' lang='lat' dir='ltr'><strong>quern</strong></span> <span class='ocrx_word' id='word_1_202' title='bbox 741 2359 817 2424; x_wconf 93' lang='lat' dir='ltr'><strong>dum</strong></span> <span class='ocrx_word' id='word_1_203' title='bbox 839 2379 897 2443; x_wconf 91' lang='lat' dir='ltr'><strong>per</strong></span> <span class='ocrx_word' id='word_1_204' title='bbox 919 2359 1024 2444; x_wconf 89' lang='lat' dir='ltr'><strong>ipsum</strong></span> <span class='ocrx_word' id='word_1_205' title='bbox 1046 2360 1108 2425; x_wconf 91' lang='lat' dir='ltr'><strong>iter</strong></span> <span class='ocrx_word' id='word_1_206' title='bbox 1129 2360 1223 2443; x_wconf 88' lang='lat' dir='ltr'><strong>gradi</strong></span> <span class='ocrx_word' id='word_1_207' title='bbox 1246 2361 1457 2445; x_wconf 86' lang='lat' dir='ltr'><strong>conpelleret,</strong></span> <span class='ocrx_word' id='word_1_208' title='bbox 1491 2380 1530 2425; x_wconf 94' lang='lat' dir='ltr'><strong>ac</strong></span> <span class='ocrx_word' id='word_1_209' title='bbox 1553 2360 1581 2425; x_wconf 90' lang='lat' dir='ltr'><strong>si</strong></span> <span class='ocrx_word' id='word_1_210' title='bbox 1603 2380 1693 2424; x_wconf 90' lang='lat' dir='ltr'><strong>muro</strong></span> <span class='ocrx_word' id='word_1_211' title='bbox 1715 2357 1899 2443; x_wconf 88' lang='lat' dir='ltr'><strong>inpediente</strong></span> 
     </span>
     <span class='ocr_line' id='line_1_20' title="bbox 271 2460 1900 2548; baseline -0.002 -20"><span class='ocrx_word' id='word_1_212' title='bbox 271 2483 386 2528; x_wconf 89' lang='lat' dir='ltr'><strong>caesus</strong></span> <span class='ocrx_word' id='word_1_213' title='bbox 415 2463 461 2528; x_wconf 91' lang='lat' dir='ltr'><strong>irc</strong></span> <span class='ocrx_word' id='word_1_214' title='bbox 492 2484 554 2527; x_wconf 91' lang='lat' dir='ltr'><strong>non</strong></span> <span class='ocrx_word' id='word_1_215' title='bbox 578 2463 690 2528; x_wconf 87' lang='lat' dir='ltr'><strong>valuit.</strong></span> <span class='ocrx_word' id='word_1_216' title='bbox 745 2465 804 2545; x_wconf 73' lang='grc'><strong>(10)</strong></span> <span class='ocrx_word' id='word_1_217' title='bbox 832 2463 1031 2546; x_wconf 89' lang='lat' dir='ltr'><strong>Intellegeus</strong></span> <span class='ocrx_word' id='word_1_218' title='bbox 1054 2485 1111 2529; x_wconf 87' lang='lat' dir='ltr'><strong>rex</strong></span> <span class='ocrx_word' id='word_1_219' title='bbox 1134 2464 1216 2528; x_wconf 92' lang='lat' dir='ltr'><strong>nihil</strong></span> <span class='ocrx_word' id='word_1_220' title='bbox 1239 2463 1414 2548; x_wconf 88' lang='lat' dir='ltr'><strong>profecisse</strong></span> <span class='ocrx_word' id='word_1_221' title='bbox 1437 2472 1579 2530; x_wconf 89' lang='lat' dir='ltr'><strong>mutasse</strong></span> <span class='ocrx_word' id='word_1_222' title='bbox 1603 2463 1803 2543; x_wconf 90' lang='lat' dir='ltr'><strong>vehiculum,</strong></span> <span class='ocrx_word' id='word_1_223' title='bbox 1837 2460 1900 2526; x_wconf 92' lang='lat' dir='ltr'><strong>nisi</strong></span> 
     </span>
    </p>

    <p class='ocr_par' dir='ltr' id='par_1_8' title="bbox 224 2562 1901 2860">
     <span class='ocr_line' id='line_1_21' title="bbox 224 2562 1900 2652; baseline 0.002 -26"><span class='ocrx_word' id='word_1_224' title='bbox 224 2574 411 2632; x_wconf 81' lang='grc'><strong>1010011101</strong></span> <span class='ocrx_word' id='word_1_225' title='bbox 434 2587 610 2648; x_wconf 88' lang='lat' dir='ltr'><strong>occursum,</strong></span> <span class='ocrx_word' id='word_1_226' title='bbox 641 2568 746 2652; x_wconf 90' lang='lat' dir='ltr'><strong>eoepit</strong></span> <span class='ocrx_word' id='word_1_227' title='bbox 768 2568 808 2632; x_wconf 92' lang='lat' dir='ltr'><strong>ab</strong></span> <span class='ocrx_word' id='word_1_228' title='bbox 832 2587 914 2649; x_wconf 90' lang='lat' dir='ltr'><strong>equo</strong></span> <span class='ocrx_word' id='word_1_229' title='bbox 938 2567 1061 2633; x_wconf 89' lang='lat' dir='ltr'><strong>discere</strong></span> <span class='ocrx_word' id='word_1_230' title='bbox 1084 2569 1170 2651; x_wconf 87' lang='lat' dir='ltr'><strong>quod</strong></span> <span class='ocrx_word' id='word_1_231' title='bbox 1193 2562 1286 2633; x_wconf 87' lang='lat' dir='ltr'><strong>homo</strong></span> <span class='ocrx_word' id='word_1_232' title='bbox 1309 2575 1459 2652; x_wconf 87' lang='lat' dir='ltr'><strong>peccaret</strong></span> <span class='ocrx_word' id='word_1_233' title='bbox 1481 2574 1513 2632; x_wconf 92' lang='lat' dir='ltr'><strong>et</strong></span> <span class='ocrx_word' id='word_1_234' title='bbox 1535 2568 1694 2632; x_wconf 89' lang='lat' dir='ltr'><strong>humanus</strong></span> <span class='ocrx_word' id='word_1_235' title='bbox 1716 2566 1900 2631; x_wconf 86' lang='lat' dir='ltr'><strong>intellectus</strong></span> 
     </span>
     <span class='ocr_line' id='line_1_22' title="bbox 272 2670 1901 2755; baseline 0 -21"><span class='ocrx_word' id='word_1_236' title='bbox 272 2670 405 2736; x_wconf 92' lang='lat' dir='ltr'><strong>haberet</strong></span> <span class='ocrx_word' id='word_1_237' title='bbox 434 2670 519 2754; x_wconf 93' lang='lat' dir='ltr'><strong>quod</strong></span> <span class='ocrx_word' id='word_1_238' title='bbox 549 2691 647 2755; x_wconf 91' lang='lat' dir='ltr'><strong>pecus</strong></span> <span class='ocrx_word' id='word_1_239' title='bbox 678 2671 861 2754; x_wconf 85' lang='lat' dir='ltr'><strong>corrigeret.</strong></span> <span class='ocrx_word' id='word_1_240' title='bbox 910 2671 1092 2737; x_wconf 89' lang='lat' dir='ltr'><strong>Deflecteus</strong></span> <span class='ocrx_word' id='word_1_241' title='bbox 1122 2672 1155 2736; x_wconf 92' lang='lat' dir='ltr'><strong>in</strong></span> <span class='ocrx_word' id='word_1_242' title='bbox 1179 2672 1263 2736; x_wconf 90' lang='lat' dir='ltr'><strong>viam</strong></span> <span class='ocrx_word' id='word_1_243' title='bbox 1287 2693 1370 2754; x_wconf 89' lang='lat' dir='ltr'><strong>quae</strong></span> <span class='ocrx_word' id='word_1_244' title='bbox 1392 2672 1435 2736; x_wconf 92' lang='lat' dir='ltr'><strong>ad</strong></span> <span class='ocrx_word' id='word_1_245' title='bbox 1458 2671 1657 2737; x_wconf 89' lang='lat' dir='ltr'><strong>sacerdotem</strong></span> <span class='ocrx_word' id='word_1_246' title='bbox 1680 2672 1827 2750; x_wconf 89' lang='lat' dir='ltr'><strong>duceret,</strong></span> <span class='ocrx_word' id='word_1_247' title='bbox 1861 2689 1901 2735; x_wconf 91' lang='lat' dir='ltr'><strong>ea</strong></span> 
     </span>
     <span class='ocr_line' id='line_1_23' title="bbox 271 2772 1898 2860; baseline -0.001 -21"><span class='ocrx_word' id='word_1_248' title='bbox 271 2774 378 2859; x_wconf 89' lang='lat' dir='ltr'><strong>eoepit</strong></span> <span class='ocrx_word' id='word_1_249' title='bbox 400 2775 567 2839; x_wconf 88' lang='lat' dir='ltr'><strong>alacritate</strong></span> <span class='ocrx_word' id='word_1_250' title='bbox 591 2775 787 2855; x_wconf 88' lang='lat' dir='ltr'><strong>discurrere,</strong></span> <span class='ocrx_word' id='word_1_251' title='bbox 819 2797 857 2841; x_wconf 90' lang='lat' dir='ltr'><strong>ac</strong></span> <span class='ocrx_word' id='word_1_252' title='bbox 881 2776 908 2840; x_wconf 92' lang='lat' dir='ltr'><strong>si</strong></span> <span class='ocrx_word' id='word_1_253' title='bbox 931 2783 1060 2860; x_wconf 88' lang='lat' dir='ltr'><strong>ereptus</strong></span> <span class='ocrx_word' id='word_1_254' title='bbox 1083 2775 1123 2841; x_wconf 93' lang='lat' dir='ltr'><strong>de</strong></span> <span class='ocrx_word' id='word_1_255' title='bbox 1146 2774 1243 2841; x_wconf 86' lang='lat' dir='ltr'><strong>fovea</strong></span> <span class='ocrx_word' id='word_1_256' title='bbox 1267 2776 1371 2859; x_wconf 88' lang='lat' dir='ltr'><strong>campi</strong></span> <span class='ocrx_word' id='word_1_257' title='bbox 1394 2776 1501 2841; x_wconf 93' lang='lat' dir='ltr'><strong>mollis</strong></span> <span class='ocrx_word' id='word_1_258' title='bbox 1524 2774 1690 2860; x_wconf 90' lang='lat' dir='ltr'><strong>planitiem</strong></span> <span class='ocrx_word' id='word_1_259' title='bbox 1714 2772 1898 2858; x_wconf 88' lang='lat' dir='ltr'><strong>recepisset.</strong></span> 
     </span>
    </p>

    <p class='ocr_par' dir='ltr' id='par_1_9' title="bbox 272 2873 1981 3067">
     <span class='ocr_line' id='line_1_24' title="bbox 362 2873 1981 2964; baseline 0 -25"><span class='ocrx_word' id='word_1_260' title='bbox 362 2878 423 2960; x_wconf 82' lang='lat' dir='ltr'><strong>(ll)</strong></span> <span class='ocrx_word' id='word_1_261' title='bbox 451 2878 509 2941; x_wconf 82' lang='lat' dir='ltr'><strong>Est</strong></span> <span class='ocrx_word' id='word_1_262' title='bbox 538 2898 655 2961; x_wconf 91' lang='lat' dir='ltr'><strong>operae</strong></span> <span class='ocrx_word' id='word_1_263' title='bbox 685 2879 821 2963; x_wconf 91' lang='lat' dir='ltr'><strong>pretium</strong></span> <span class='ocrx_word' id='word_1_264' title='bbox 855 2880 895 2944; x_wconf 92' lang='lat' dir='ltr'><strong>de</strong></span> <span class='ocrx_word' id='word_1_265' title='bbox 921 2879 1061 2962; x_wconf 90' lang='lat' dir='ltr'><strong>quodam</strong></span> <span class='ocrx_word' id='word_1_266' title='bbox 1084 2879 1242 2944; x_wconf 87' lang='lat' dir='ltr'><strong>cadavere</strong></span> <span class='ocrx_word' id='word_1_267' title='bbox 1266 2901 1332 2945; x_wconf 88' lang='lat' dir='ltr'><strong>rem</strong></span> <span class='ocrx_word' id='word_1_268' title='bbox 1355 2879 1461 2943; x_wconf 86' lang='lat' dir='ltr'><strong>vivam</strong></span> <span class='ocrx_word' id='word_1_269' title='bbox 1485 2879 1636 2964; x_wconf 89' lang='lat' dir='ltr'><strong>proferre.</strong></span> <span class='ocrx_word' id='word_1_270' title='bbox 1682 2879 1767 2942; x_wconf 92' lang='lat' dir='ltr'><strong>Dum</strong></span> <span class='ocrx_word' id='word_1_271' title='bbox 1790 2876 1833 2942; x_wconf 89' lang='lat' dir='ltr'><strong>ad</strong></span> <span class='ocrx_word' id='word_1_272' title='bbox 1854 2875 1900 2942; x_wconf 92' lang='lat' dir='ltr'><strong>ci·</strong></span> <span class='ocrx_word' id='word_1_273' title='bbox 1923 2873 1981 2939; x_wconf 89' lang='lat' dir='ltr'><strong>XV</strong></span> 
     </span>
     <span class='ocr_line' id='line_1_25' title="bbox 272 2979 1901 3067; baseline 0.001 -23"><span class='ocrx_word' id='word_1_274' title='bbox 272 2979 402 3045; x_wconf 89' lang='lat' dir='ltr'><strong>vitatem</strong></span> <span class='ocrx_word' id='word_1_275' title='bbox 426 2981 560 3046; x_wconf 88' lang='lat' dir='ltr'><strong>Venetis</strong></span> <span class='ocrx_word' id='word_1_276' title='bbox 582 2982 652 3064; x_wconf 90' lang='lat' dir='ltr'><strong>ipsc</strong></span> <span class='ocrx_word' id='word_1_277' title='bbox 675 2983 725 3047; x_wconf 92' lang='lat' dir='ltr'><strong>vir</strong></span> <span class='ocrx_word' id='word_1_278' title='bbox 746 2983 942 3067; x_wconf 90' lang='lat' dir='ltr'><strong>apostolicus</strong></span> <span class='ocrx_word' id='word_1_279' title='bbox 965 2983 1167 3062; x_wconf 88' lang='lat' dir='ltr'><strong>accessisset,</strong></span> <span class='ocrx_word' id='word_1_280' title='bbox 1200 3002 1281 3047; x_wconf 92' lang='lat' dir='ltr'><strong>unus</strong></span> <span class='ocrx_word' id='word_1_281' title='bbox 1304 2983 1344 3047; x_wconf 94' lang='lat' dir='ltr'><strong>de</strong></span> <span class='ocrx_word' id='word_1_282' title='bbox 1368 2982 1619 3065; x_wconf 89' lang='lat' dir='ltr'><strong>obsequentibus</strong></span> <span class='ocrx_word' id='word_1_283' title='bbox 1640 2981 1705 3047; x_wconf 91' lang='lat' dir='ltr'><strong>iam</strong></span> <span class='ocrx_word' id='word_1_284' title='bbox 1729 2999 1901 3047; x_wconf 88' lang='lat' dir='ltr'><strong>conversus</strong></span> 
     </span>
    </p>

    <p class='ocr_par' dir='ltr' id='par_1_10' title="bbox 221 3083 1903 3585">
     <span class='ocr_line' id='line_1_26' title="bbox 221 3083 1902 3171; baseline 0.002 -25"><span class='ocrx_word' id='word_1_285' title='bbox 221 3104 252 3146; x_wconf 76' lang='lat' dir='ltr'><strong>rs</strong></span> <span class='ocrx_word' id='word_1_286' title='bbox 272 3083 551 3167; x_wconf 91' lang='lat' dir='ltr'><strong>adolescentulus,</strong></span> <span class='ocrx_word' id='word_1_287' title='bbox 578 3105 672 3167; x_wconf 90' lang='lat' dir='ltr'><strong>quem</strong></span> <span class='ocrx_word' id='word_1_288' title='bbox 696 3107 753 3170; x_wconf 89' lang='lat' dir='ltr'><strong>pro</strong></span> <span class='ocrx_word' id='word_1_289' title='bbox 776 3087 931 3169; x_wconf 87' lang='lat' dir='ltr'><strong>qualitate</strong></span> <span class='ocrx_word' id='word_1_290' title='bbox 954 3107 1075 3151; x_wconf 91' lang='lat' dir='ltr'><strong>morum</strong></span> <span class='ocrx_word' id='word_1_291' title='bbox 1099 3087 1295 3171; x_wconf 89' lang='lat' dir='ltr'><strong>peculiarius</strong></span> <span class='ocrx_word' id='word_1_292' title='bbox 1320 3086 1495 3170; x_wconf 89' lang='lat' dir='ltr'><strong>diligebat,</strong></span> <span class='ocrx_word' id='word_1_293' title='bbox 1522 3107 1560 3152; x_wconf 90' lang='grc'><strong>10</strong></span> <span class='ocrx_word' id='word_1_294' title='bbox 1582 3085 1616 3151; x_wconf 92' lang='lat' dir='ltr'><strong>in</strong></span> <span class='ocrx_word' id='word_1_295' title='bbox 1640 3087 1709 3152; x_wconf 96' lang='lat' dir='ltr'><strong>loco</strong></span> <span class='ocrx_word' id='word_1_296' title='bbox 1732 3085 1902 3152; x_wconf 89' lang='lat' dir='ltr'><strong>defunctus</strong></span> 
     </span>
     <span class='ocr_line' id='line_1_27' title="bbox 273 3188 1898 3276; baseline -0.001 -23"><span class='ocrx_word' id='word_1_297' title='bbox 273 3195 323 3253; x_wconf 85' lang='lat' dir='ltr'><strong>eat</strong></span> <span class='ocrx_word' id='word_1_298' title='bbox 350 3195 447 3269; x_wconf 87' lang='lat' dir='ltr'><strong>atque</strong></span> <span class='ocrx_word' id='word_1_299' title='bbox 479 3190 641 3274; x_wconf 88' lang='lat' dir='ltr'><strong>sepultus,</strong></span> <span class='ocrx_word' id='word_1_300' title='bbox 675 3190 765 3255; x_wconf 89' lang='lat' dir='ltr'><strong>cuius</strong></span> <span class='ocrx_word' id='word_1_301' title='bbox 795 3198 867 3275; x_wconf 90' lang='lat' dir='ltr'><strong>post</strong></span> <span class='ocrx_word' id='word_1_302' title='bbox 895 3211 1012 3255; x_wconf 87' lang='lat' dir='ltr'><strong>annum</strong></span> <span class='ocrx_word' id='word_1_303' title='bbox 1045 3191 1267 3274; x_wconf 90' lang='lat' dir='ltr'><strong>corpusculum</strong></span> <span class='ocrx_word' id='word_1_304' title='bbox 1298 3190 1468 3273; x_wconf 91' lang='lat' dir='ltr'><strong>psallendo</strong></span> <span class='ocrx_word' id='word_1_305' title='bbox 1498 3190 1540 3255; x_wconf 91' lang='lat' dir='ltr'><strong>ad</strong></span> <span class='ocrx_word' id='word_1_306' title='bbox 1566 3190 1695 3276; x_wconf 90' lang='lat' dir='ltr'><strong>propria</strong></span> <span class='ocrx_word' id='word_1_307' title='bbox 1717 3188 1898 3256; x_wconf 86' lang='lat' dir='ltr'><strong>revocabat.</strong></span> 
     </span>
     <span class='ocr_line' id='line_1_28' title="bbox 277 3293 1902 3378; baseline 0.002 -26"><span class='ocrx_word' id='word_1_308' title='bbox 277 3293 337 3374; x_wconf 77' lang='lat'><strong>(42)</strong></span> <span class='ocrx_word' id='word_1_309' title='bbox 365 3294 456 3357; x_wconf 83' lang='lat' dir='ltr'><strong>&#39;Iunc</strong></span> <span class='ocrx_word' id='word_1_310' title='bbox 487 3299 666 3358; x_wconf 89' lang='lat' dir='ltr'><strong>remorante</strong></span> <span class='ocrx_word' id='word_1_311' title='bbox 697 3313 735 3358; x_wconf 93' lang='lat' dir='ltr'><strong>eo</strong></span> <span class='ocrx_word' id='word_1_312' title='bbox 764 3314 821 3378; x_wconf 94' lang='lat' dir='ltr'><strong>pro</strong></span> <span class='ocrx_word' id='word_1_313' title='bbox 852 3313 965 3374; x_wconf 89' lang='lat' dir='ltr'><strong>eausa,</strong></span> <span class='ocrx_word' id='word_1_314' title='bbox 1002 3294 1171 3358; x_wconf 87' lang='lat' dir='ltr'><strong>voluerunt</strong></span> <span class='ocrx_word' id='word_1_315' title='bbox 1202 3293 1378 3359; x_wconf 91' lang='lat' dir='ltr'><strong>servientes</strong></span> <span class='ocrx_word' id='word_1_316' title='bbox 1405 3294 1493 3378; x_wconf 91' lang='lat' dir='ltr'><strong>prius</strong></span> <span class='ocrx_word' id='word_1_317' title='bbox 1517 3314 1632 3378; x_wconf 90' lang='lat' dir='ltr'><strong>corpus</strong></span> <span class='ocrx_word' id='word_1_318' title='bbox 1655 3314 1783 3360; x_wconf 89' lang='lat' dir='ltr'><strong>movere</strong></span> <span class='ocrx_word' id='word_1_319' title='bbox 1806 3312 1902 3376; x_wconf 90' lang='lat' dir='ltr'><strong>quam</strong></span> 
     </span>
     <span class='ocr_line' id='line_1_29' title="bbox 273 3394 1903 3482; baseline 0.001 -24"><span class='ocrx_word' id='word_1_320' title='bbox 273 3394 422 3459; x_wconf 90' lang='lat' dir='ltr'><strong>sacerdos</strong></span> <span class='ocrx_word' id='word_1_321' title='bbox 451 3404 645 3477; x_wconf 88' lang='lat' dir='ltr'><strong>occurreret,</strong></span> <span class='ocrx_word' id='word_1_322' title='bbox 684 3397 742 3462; x_wconf 92' lang='lat' dir='ltr'><strong>sed</strong></span> <span class='ocrx_word' id='word_1_323' title='bbox 772 3404 860 3462; x_wconf 91' lang='lat' dir='ltr'><strong>tanto</strong></span> <span class='ocrx_word' id='word_1_324' title='bbox 888 3398 1031 3481; x_wconf 91' lang='lat' dir='ltr'><strong>pondere</strong></span> <span class='ocrx_word' id='word_1_325' title='bbox 1062 3397 1096 3461; x_wconf 89' lang='lat' dir='ltr'><strong>tit</strong></span> <span class='ocrx_word' id='word_1_326' title='bbox 1126 3403 1313 3480; x_wconf 91' lang='lat' dir='ltr'><strong>gravatum,</strong></span> <span class='ocrx_word' id='word_1_327' title='bbox 1354 3405 1388 3462; x_wconf 91' lang='lat' dir='ltr'><strong>ut</strong></span> <span class='ocrx_word' id='word_1_328' title='bbox 1415 3403 1511 3462; x_wconf 90' lang='lat' dir='ltr'><strong>antea</strong></span> <span class='ocrx_word' id='word_1_329' title='bbox 1541 3398 1720 3482; x_wconf 89' lang='lat' dir='ltr'><strong>potuissent</strong></span> <span class='ocrx_word' id='word_1_330' title='bbox 1748 3397 1903 3480; x_wconf 86' lang='lat' dir='ltr'><strong>gigantea</strong></span> 
     </span>
     <span class='ocr_line' id='line_1_30' title="bbox 273 3498 1903 3585; baseline 0.002 -24"><span class='ocrx_word' id='word_1_331' title='bbox 273 3498 415 3562; x_wconf 90' lang='lat' dir='ltr'><strong>membra</strong></span> <span class='ocrx_word' id='word_1_332' title='bbox 439 3518 575 3582; x_wconf 90' lang='lat' dir='ltr'><strong>pensare</strong></span> <span class='ocrx_word' id='word_1_333' title='bbox 598 3520 692 3581; x_wconf 90' lang='lat' dir='ltr'><strong>quarn</strong></span> <span class='ocrx_word' id='word_1_334' title='bbox 716 3500 842 3584; x_wconf 89' lang='lat' dir='ltr'><strong>pueruli</strong></span> <span class='ocrx_word' id='word_1_335' title='bbox 866 3520 979 3585; x_wconf 93' lang='lat' dir='ltr'><strong>corpus</strong></span> <span class='ocrx_word' id='word_1_336' title='bbox 1003 3502 1154 3580; x_wconf 83' lang='lat' dir='ltr'><strong>sufferre,</strong></span> <span class='ocrx_word' id='word_1_337' title='bbox 1182 3500 1256 3564; x_wconf 91' lang='lat' dir='ltr'><strong>dum</strong></span> <span class='ocrx_word' id='word_1_338' title='bbox 1281 3500 1388 3565; x_wconf 91' lang='lat' dir='ltr'><strong>adhuc</strong></span> <span class='ocrx_word' id='word_1_339' title='bbox 1410 3501 1549 3566; x_wconf 90' lang='lat' dir='ltr'><strong>cadaver</strong></span> <span class='ocrx_word' id='word_1_340' title='bbox 1571 3501 1766 3585; x_wconf 91' lang='lat' dir='ltr'><strong>insepultum</strong></span> <span class='ocrx_word' id='word_1_341' title='bbox 1790 3499 1903 3565; x_wconf 89' lang='lat' dir='ltr'><strong>crede-</strong></span> 
     </span>
    </p>

    <p class='ocr_par' dir='ltr' id='par_1_11' title="bbox 224 3600 1902 3871">
     <span class='ocr_line' id='line_1_31' title="bbox 224 3600 1902 3689; baseline 0.002 -26"><span class='ocrx_word' id='word_1_342' title='bbox 224 3623 253 3663; x_wconf 79' lang='grc'><strong>10</strong></span> <span class='ocrx_word' id='word_1_343' title='bbox 274 3606 361 3664; x_wconf 92' lang='lat' dir='ltr'><strong>retur</strong></span> <span class='ocrx_word' id='word_1_344' title='bbox 390 3600 454 3664; x_wconf 91' lang='lat' dir='ltr'><strong>iam</strong></span> <span class='ocrx_word' id='word_1_345' title='bbox 484 3622 640 3666; x_wconf 86' lang='lat' dir='ltr'><strong>marmore</strong></span> <span class='ocrx_word' id='word_1_346' title='bbox 670 3603 789 3687; x_wconf 91' lang='lat' dir='ltr'><strong>premi,</strong></span> <span class='ocrx_word' id='word_1_347' title='bbox 825 3623 896 3668; x_wconf 89' lang='lat' dir='ltr'><strong>eum</strong></span> <span class='ocrx_word' id='word_1_348' title='bbox 927 3623 986 3680; x_wconf 82' lang='lat' dir='ltr'><strong>uec</strong></span> <span class='ocrx_word' id='word_1_349' title='bbox 1009 3604 1084 3684; x_wconf 92' lang='lat' dir='ltr'><strong>equi</strong></span> <span class='ocrx_word' id='word_1_350' title='bbox 1106 3623 1251 3686; x_wconf 83' lang='lat' dir='ltr'><strong>gressum</strong></span> <span class='ocrx_word' id='word_1_351' title='bbox 1276 3611 1422 3688; x_wconf 90' lang='lat' dir='ltr'><strong>poterant</strong></span> <span class='ocrx_word' id='word_1_352' title='bbox 1443 3625 1648 3689; x_wconf 88' lang='lat' dir='ltr'><strong>promovere,</strong></span> <span class='ocrx_word' id='word_1_353' title='bbox 1683 3625 1721 3669; x_wconf 89' lang='lat' dir='ltr'><strong>ac</strong></span> <span class='ocrx_word' id='word_1_354' title='bbox 1744 3604 1772 3668; x_wconf 91' lang='lat' dir='ltr'><strong>si</strong></span> <span class='ocrx_word' id='word_1_355' title='bbox 1795 3602 1902 3689; x_wconf 91' lang='lat' dir='ltr'><strong>pulvis</strong></span> 
     </span>
     <span class='ocr_line' id='line_1_32' title="bbox 274 3702 1902 3791; baseline 0.003 -24"><span class='ocrx_word' id='word_1_356' title='bbox 274 3702 344 3767; x_wconf 91' lang='lat' dir='ltr'><strong>eius</strong></span> <span class='ocrx_word' id='word_1_357' title='bbox 374 3703 414 3768; x_wconf 92' lang='lat' dir='ltr'><strong>de</strong></span> <span class='ocrx_word' id='word_1_358' title='bbox 446 3724 481 3769; x_wconf 90' lang='lat' dir='ltr'><strong>sc</strong></span> <span class='ocrx_word' id='word_1_359' title='bbox 509 3705 639 3769; x_wconf 91' lang='lat' dir='ltr'><strong>vincula</strong></span> <span class='ocrx_word' id='word_1_360' title='bbox 667 3714 871 3789; x_wconf 85' lang='lat' dir='ltr'><strong>generasset,</strong></span> <span class='ocrx_word' id='word_1_361' title='bbox 907 3706 1010 3772; x_wconf 90' lang='lat' dir='ltr'><strong>donec</strong></span> <span class='ocrx_word' id='word_1_362' title='bbox 1036 3707 1171 3772; x_wconf 91' lang='lat' dir='ltr'><strong>antestis</strong></span> <span class='ocrx_word' id='word_1_363' title='bbox 1194 3708 1323 3774; x_wconf 91' lang='lat' dir='ltr'><strong>rediens</strong></span> <span class='ocrx_word' id='word_1_364' title='bbox 1346 3708 1489 3774; x_wconf 88' lang='lat' dir='ltr'><strong>oratione</strong></span> <span class='ocrx_word' id='word_1_365' title='bbox 1513 3710 1653 3775; x_wconf 89' lang='lat' dir='ltr'><strong>solveret</strong></span> <span class='ocrx_word' id='word_1_366' title='bbox 1675 3727 1753 3791; x_wconf 90' lang='lat' dir='ltr'><strong>quos</strong></span> <span class='ocrx_word' id='word_1_367' title='bbox 1775 3713 1902 3773; x_wconf 87' lang='lat' dir='ltr'><strong>tacente</strong></span> 
     </span>
     <span class='ocr_line' id='line_1_33' title="bbox 274 3806 515 3871; baseline 0.004 -1"><span class='ocrx_word' id='word_1_368' title='bbox 274 3824 353 3870; x_wconf 89' lang='lat' dir='ltr'><strong>voce</strong></span> <span class='ocrx_word' id='word_1_369' title='bbox 375 3806 515 3871; x_wconf 84' lang='lat' dir='ltr'><strong>confixit.</strong></span> 
     </span>
    </p>

    <p class='ocr_par' dir='ltr' id='par_1_12' title="bbox 275 3909 2002 4103">
     <span class='ocr_line' id='line_1_34' title="bbox 366 3909 2002 3996; baseline 0.006 -26"><span class='ocrx_word' id='word_1_370' title='bbox 366 3909 425 3990; x_wconf 67' lang='lat'><strong>(433</strong></span> <span class='ocrx_word' id='word_1_371' title='bbox 455 3911 523 3975; x_wconf 92' lang='lat' dir='ltr'><strong>Hoc</strong></span> <span class='ocrx_word' id='word_1_372' title='bbox 552 3910 667 3974; x_wconf 90' lang='lat' dir='ltr'><strong>iterum</strong></span> <span class='ocrx_word' id='word_1_373' title='bbox 697 3932 761 3976; x_wconf 90' lang='lat' dir='ltr'><strong>non</strong></span> <span class='ocrx_word' id='word_1_374' title='bbox 784 3911 888 3975; x_wconf 91' lang='lat' dir='ltr'><strong>minus</strong></span> <span class='ocrx_word' id='word_1_375' title='bbox 911 3918 961 3977; x_wconf 89' lang='lat' dir='ltr'><strong>est</strong></span> <span class='ocrx_word' id='word_1_376' title='bbox 983 3913 1236 3996; x_wconf 89' lang='lat' dir='ltr'><strong>praedicandum</strong></span> <span class='ocrx_word' id='word_1_377' title='bbox 1260 3914 1460 3979; x_wconf 89' lang='lat' dir='ltr'><strong>miraculum.</strong></span> <span class='ocrx_word' id='word_1_378' title='bbox 1508 3915 1589 3980; x_wconf 83' lang='lat' dir='ltr'><strong>Cum</strong></span> <span class='ocrx_word' id='word_1_379' title='bbox 1612 3915 1644 3980; x_wconf 93' lang='lat' dir='ltr'><strong>in</strong></span> <span class='ocrx_word' id='word_1_380' title='bbox 1668 3913 1904 3980; x_wconf 83' lang='lat' dir='ltr'><strong>&#39;lincillacenee</strong></span> <span class='ocrx_word' id='word_1_381' title='bbox 1926 3913 2002 3979; x_wconf 88' lang='lat' dir='ltr'><strong>XVI</strong></span> 
     </span>
     <span class='ocr_line' id='line_1_35' title="bbox 275 4013 1905 4103; baseline 0.005 -28"><span class='ocrx_word' id='word_1_382' title='bbox 275 4013 468 4078; x_wconf 89' lang='lat' dir='ltr'><strong>monasterio</strong></span> <span class='ocrx_word' id='word_1_383' title='bbox 486 4013 706 4080; x_wconf 85' lang='lat' dir='ltr'><strong>Gennomerus</strong></span> <span class='ocrx_word' id='word_1_384' title='bbox 729 4016 905 4080; x_wconf 90' lang='lat' dir='ltr'><strong>monachus</strong></span> <span class='ocrx_word' id='word_1_385' title='bbox 928 4024 1014 4082; x_wconf 89' lang='lat' dir='ltr'><strong>esset</strong></span> <span class='ocrx_word' id='word_1_386' title='bbox 1036 4018 1198 4082; x_wconf 92' lang='lat' dir='ltr'><strong>oculorum</strong></span> <span class='ocrx_word' id='word_1_387' title='bbox 1222 4019 1293 4084; x_wconf 88' lang='lat' dir='ltr'><strong>luce</strong></span> <span class='ocrx_word' id='word_1_388' title='bbox 1317 4019 1461 4103; x_wconf 91' lang='lat' dir='ltr'><strong>privatus</strong></span> <span class='ocrx_word' id='word_1_389' title='bbox 1484 4026 1516 4083; x_wconf 91' lang='grc'><strong>01</strong></span> <span class='ocrx_word' id='word_1_390' title='bbox 1537 4038 1660 4084; x_wconf 88' lang='lat' dir='ltr'><strong>annosa</strong></span> <span class='ocrx_word' id='word_1_391' title='bbox 1682 4025 1826 4103; x_wconf 85' lang='lat' dir='ltr'><strong>tempora</strong></span> <span class='ocrx_word' id='word_1_392' title='bbox 1840 4038 1905 4083; x_wconf 87' lang='lat' dir='ltr'><strong>una</strong></span> 
     </span>
    </p>

    <p class='ocr_par' dir='ltr' id='par_1_13' title="bbox 226 4119 1907 4621">
     <span class='ocr_line' id='line_1_36' title="bbox 226 4119 1901 4206; baseline 0.003 -26"><span class='ocrx_word' id='word_1_393' title='bbox 226 4140 259 4180; x_wconf 74' lang='lat' dir='ltr'><strong>aa</strong></span> <span class='ocrx_word' id='word_1_394' title='bbox 278 4122 386 4181; x_wconf 87' lang='lat' dir='ltr'><strong>essent</strong></span> <span class='ocrx_word' id='word_1_395' title='bbox 408 4125 500 4182; x_wconf 92' lang='lat' dir='ltr'><strong>nocte</strong></span> <span class='ocrx_word' id='word_1_396' title='bbox 523 4119 689 4184; x_wconf 88' lang='lat' dir='ltr'><strong>caecitatis</strong></span> <span class='ocrx_word' id='word_1_397' title='bbox 712 4125 905 4201; x_wconf 88' lang='lat' dir='ltr'><strong>transcursa,</strong></span> <span class='ocrx_word' id='word_1_398' title='bbox 934 4122 1027 4204; x_wconf 88' lang='lat' dir='ltr'><strong>petiit</strong></span> <span class='ocrx_word' id='word_1_399' title='bbox 1049 4121 1111 4187; x_wconf 89' lang='lat' dir='ltr'><strong>sibi</strong></span> <span class='ocrx_word' id='word_1_400' title='bbox 1134 4143 1154 4186; x_wconf 91' lang='lat' dir='ltr'><strong>a</strong></span> <span class='ocrx_word' id='word_1_401' title='bbox 1176 4122 1244 4187; x_wconf 90' lang='lat' dir='ltr'><strong>viro</strong></span> <span class='ocrx_word' id='word_1_402' title='bbox 1268 4123 1469 4188; x_wconf 88' lang='lat' dir='ltr'><strong>sanctissimo</strong></span> <span class='ocrx_word' id='word_1_403' title='bbox 1485 4122 1554 4189; x_wconf 89' lang='lat' dir='ltr'><strong>fieri</strong></span> <span class='ocrx_word' id='word_1_404' title='bbox 1570 4122 1673 4188; x_wconf 89' lang='lat' dir='ltr'><strong>crucis</strong></span> <span class='ocrx_word' id='word_1_405' title='bbox 1688 4123 1901 4206; x_wconf 91' lang='lat' dir='ltr'><strong>signaculum.</strong></span> 
     </span>
     <span class='ocr_line' id='line_1_37' title="bbox 276 4219 1901 4311; baseline 0.003 -28"><span class='ocrx_word' id='word_1_406' title='bbox 276 4219 346 4296; x_wconf 80' lang='lat' dir='ltr'><strong>Quo</strong></span> <span class='ocrx_word' id='word_1_407' title='bbox 376 4219 477 4304; x_wconf 89' lang='lat' dir='ltr'><strong>facto,</strong></span> <span class='ocrx_word' id='word_1_408' title='bbox 512 4222 641 4287; x_wconf 91' lang='lat' dir='ltr'><strong>luminis</strong></span> <span class='ocrx_word' id='word_1_409' title='bbox 671 4223 779 4288; x_wconf 91' lang='lat' dir='ltr'><strong>vitalis</strong></span> <span class='ocrx_word' id='word_1_410' title='bbox 803 4224 954 4308; x_wconf 92' lang='lat' dir='ltr'><strong>splendor</strong></span> <span class='ocrx_word' id='word_1_411' title='bbox 977 4224 1109 4290; x_wconf 80' lang='lat' dir='ltr'><strong>intravit</strong></span> <span class='ocrx_word' id='word_1_412' title='bbox 1132 4234 1165 4291; x_wconf 97' lang='grc'><strong>11</strong></span> <span class='ocrx_word' id='word_1_413' title='bbox 1186 4225 1307 4308; x_wconf 86' lang='lat' dir='ltr'><strong>fugatis</strong></span> <span class='ocrx_word' id='word_1_414' title='bbox 1329 4227 1470 4292; x_wconf 89' lang='lat' dir='ltr'><strong>tenebris</strong></span> <span class='ocrx_word' id='word_1_415' title='bbox 1494 4227 1541 4291; x_wconf 89' lang='lat' dir='ltr'><strong>sol</strong></span> <span class='ocrx_word' id='word_1_416' title='bbox 1566 4226 1753 4311; x_wconf 88' lang='lat' dir='ltr'><strong>peregrinus</strong></span> <span class='ocrx_word' id='word_1_417' title='bbox 1775 4224 1901 4290; x_wconf 81' lang='lat' dir='ltr'><strong>inluxit.</strong></span> 
     </span>
     <span class='ocr_line' id='line_1_38' title="bbox 281 4324 1906 4409; baseline 0.005 -24"><span class='ocrx_word' id='word_1_418' title='bbox 281 4325 342 4406; x_wconf 73' lang='lat' dir='ltr'><strong>(tl)</strong></span> <span class='ocrx_word' id='word_1_419' title='bbox 369 4324 427 4388; x_wconf 85' lang='lat' dir='ltr'><strong>Est</strong></span> <span class='ocrx_word' id='word_1_420' title='bbox 450 4333 482 4390; x_wconf 92' lang='lat' dir='ltr'><strong>et</strong></span> <span class='ocrx_word' id='word_1_421' title='bbox 503 4326 564 4390; x_wconf 89' lang='lat' dir='ltr'><strong>hoe</strong></span> <span class='ocrx_word' id='word_1_422' title='bbox 585 4326 669 4392; x_wconf 92' lang='lat' dir='ltr'><strong>inter</strong></span> <span class='ocrx_word' id='word_1_423' title='bbox 690 4327 815 4409; x_wconf 91' lang='lat' dir='ltr'><strong>reliqua</strong></span> <span class='ocrx_word' id='word_1_424' title='bbox 838 4329 1022 4393; x_wconf 86' lang='lat' dir='ltr'><strong>venerabile</strong></span> <span class='ocrx_word' id='word_1_425' title='bbox 1047 4329 1282 4394; x_wconf 89' lang='lat' dir='ltr'><strong>documentum.</strong></span> <span class='ocrx_word' id='word_1_426' title='bbox 1332 4331 1468 4396; x_wconf 78' lang='lat' dir='ltr'><strong>(lumin</strong></span> <span class='ocrx_word' id='word_1_427' title='bbox 1491 4331 1620 4397; x_wconf 89' lang='lat' dir='ltr'><strong>civitate</strong></span> <span class='ocrx_word' id='word_1_428' title='bbox 1643 4329 1817 4395; x_wconf 86' lang='lat' dir='ltr'><strong>Andecava</strong></span> <span class='ocrx_word' id='word_1_429' title='bbox 1839 4336 1906 4394; x_wconf 92' lang='lat' dir='ltr'><strong>tur-</strong></span> 
     </span>
     <span class='ocr_line' id='line_1_39' title="bbox 276 4426 1907 4519; baseline 0.004 -29"><span class='ocrx_word' id='word_1_430' title='bbox 276 4426 319 4491; x_wconf 91' lang='lat' dir='ltr'><strong>ris</strong></span> <span class='ocrx_word' id='word_1_431' title='bbox 348 4435 459 4511; x_wconf 90' lang='lat' dir='ltr'><strong>portae</strong></span> <span class='ocrx_word' id='word_1_432' title='bbox 488 4428 663 4494; x_wconf 90' lang='lat' dir='ltr'><strong>cohaerens</strong></span> <span class='ocrx_word' id='word_1_433' title='bbox 694 4429 853 4495; x_wconf 88' lang='lat' dir='ltr'><strong>damnatis</strong></span> <span class='ocrx_word' id='word_1_434' title='bbox 884 4439 971 4497; x_wconf 89' lang='lat' dir='ltr'><strong>esset</strong></span> <span class='ocrx_word' id='word_1_435' title='bbox 998 4452 1107 4497; x_wconf 90' lang='lat' dir='ltr'><strong>carcer</strong></span> <span class='ocrx_word' id='word_1_436' title='bbox 1138 4435 1270 4514; x_wconf 85' lang='lat' dir='ltr'><strong>effecta,</strong></span> <span class='ocrx_word' id='word_1_437' title='bbox 1305 4441 1530 4519; x_wconf 88' lang='lat' dir='ltr'><strong>praetereunte</strong></span> <span class='ocrx_word' id='word_1_438' title='bbox 1554 4435 1646 4499; x_wconf 90' lang='lat' dir='ltr'><strong>beato</strong></span> <span class='ocrx_word' id='word_1_439' title='bbox 1669 4433 1787 4499; x_wconf 85' lang='lat' dir='ltr'><strong>Albino</strong></span> <span class='ocrx_word' id='word_1_440' title='bbox 1809 4431 1907 4498; x_wconf 87' lang='lat' dir='ltr'><strong>fiebat</strong></span> 
     </span>
     <span class='ocr_line' id='line_1_40' title="bbox 275 4529 1906 4621; baseline 0.004 -27"><span class='ocrx_word' id='word_1_441' title='bbox 275 4529 447 4597; x_wconf 90' lang='lat' dir='ltr'><strong>insolentia</strong></span> <span class='ocrx_word' id='word_1_442' title='bbox 477 4532 516 4597; x_wconf 94' lang='lat' dir='ltr'><strong>de</strong></span> <span class='ocrx_word' id='word_1_443' title='bbox 546 4533 677 4598; x_wconf 88' lang='lat' dir='ltr'><strong>vocibus</strong></span> <span class='ocrx_word' id='word_1_444' title='bbox 701 4534 908 4599; x_wconf 90' lang='lat' dir='ltr'><strong>inclusorum.</strong></span> <span class='ocrx_word' id='word_1_445' title='bbox 956 4537 1047 4601; x_wconf 83' lang='lat' dir='ltr'><strong>&#39;Iunc</strong></span> <span class='ocrx_word' id='word_1_446' title='bbox 1070 4536 1111 4600; x_wconf 87' lang='lat' dir='ltr'><strong>ad</strong></span> <span class='ocrx_word' id='word_1_447' title='bbox 1133 4537 1272 4602; x_wconf 92' lang='lat' dir='ltr'><strong>iudicem</strong></span> <span class='ocrx_word' id='word_1_448' title='bbox 1296 4546 1443 4621; x_wconf 89' lang='lat' dir='ltr'><strong>precator</strong></span> <span class='ocrx_word' id='word_1_449' title='bbox 1465 4538 1605 4619; x_wconf 88' lang='lat' dir='ltr'><strong>accedit,</strong></span> <span class='ocrx_word' id='word_1_450' title='bbox 1641 4544 1674 4602; x_wconf 95' lang='lat' dir='ltr'><strong>ut</strong></span> <span class='ocrx_word' id='word_1_451' title='bbox 1697 4558 1752 4603; x_wconf 88' lang='lat' dir='ltr'><strong>eos</strong></span> <span class='ocrx_word' id='word_1_452' title='bbox 1774 4535 1906 4621; x_wconf 89' lang='lat' dir='ltr'><strong>pietatis</strong></span> 
     </span>
    </p>

    <p class='ocr_par' dir='ltr' id='par_1_14' title="bbox 226 4635 1908 5137">
     <span class='ocr_line' id='line_1_41' title="bbox 226 4635 1906 4724; baseline 0.003 -27"><span class='ocrx_word' id='word_1_453' title='bbox 226 4658 257 4699; x_wconf 88' lang='grc'><strong>(0</strong></span> <span class='ocrx_word' id='word_1_454' title='bbox 278 4653 376 4699; x_wconf 91' lang='lat' dir='ltr'><strong>causa</strong></span> <span class='ocrx_word' id='word_1_455' title='bbox 406 4635 447 4700; x_wconf 93' lang='lat' dir='ltr'><strong>de</strong></span> <span class='ocrx_word' id='word_1_456' title='bbox 476 4635 622 4700; x_wconf 90' lang='lat' dir='ltr'><strong>custodia</strong></span> <span class='ocrx_word' id='word_1_457' title='bbox 651 4637 822 4703; x_wconf 88' lang='lat' dir='ltr'><strong>relaxaret.</strong></span> <span class='ocrx_word' id='word_1_458' title='bbox 874 4642 936 4723; x_wconf 81' lang='grc'>(45)</span> <span class='ocrx_word' id='word_1_459' title='bbox 963 4639 1056 4717; x_wconf 79' lang='lat' dir='ltr'><strong>Quod</strong></span> <span class='ocrx_word' id='word_1_460' title='bbox 1079 4660 1149 4704; x_wconf 94' lang='lat' dir='ltr'><strong>cum</strong></span> <span class='ocrx_word' id='word_1_461' title='bbox 1173 4641 1230 4706; x_wconf 89' lang='lat' dir='ltr'><strong>ille</strong></span> <span class='ocrx_word' id='word_1_462' title='bbox 1253 4661 1330 4706; x_wconf 89' lang='lat' dir='ltr'><strong>aure</strong></span> <span class='ocrx_word' id='word_1_463' title='bbox 1354 4640 1451 4706; x_wconf 91' lang='lat' dir='ltr'><strong>surda</strong></span> <span class='ocrx_word' id='word_1_464' title='bbox 1474 4641 1633 4724; x_wconf 82' lang='lat' dir='ltr'><strong>differret,</strong></span> <span class='ocrx_word' id='word_1_465' title='bbox 1667 4660 1740 4705; x_wconf 80' lang='lat' dir='ltr'><strong>mox</strong></span> <span class='ocrx_word' id='word_1_466' title='bbox 1762 4637 1906 4723; x_wconf 84' lang='lat' dir='ltr'><strong>pontifex</strong></span> 
     </span>
     <span class='ocr_line' id='line_1_42' title="bbox 276 4737 1906 4829; baseline 0.004 -29"><span class='ocrx_word' id='word_1_467' title='bbox 276 4737 319 4801; x_wconf 90' lang='lat' dir='ltr'><strong>ad</strong></span> <span class='ocrx_word' id='word_1_468' title='bbox 348 4737 444 4804; x_wconf 92' lang='lat' dir='ltr'><strong>dcum</strong></span> <span class='ocrx_word' id='word_1_469' title='bbox 473 4760 508 4805; x_wconf 85' lang='lat' dir='ltr'><strong>ae</strong></span> <span class='ocrx_word' id='word_1_470' title='bbox 539 4739 604 4804; x_wconf 86' lang='lat' dir='ltr'><strong>lida</strong></span> <span class='ocrx_word' id='word_1_471' title='bbox 633 4741 786 4823; x_wconf 91' lang='lat' dir='ltr'><strong>petitione</strong></span> <span class='ocrx_word' id='word_1_472' title='bbox 818 4749 1024 4822; x_wconf 76' lang='lat' dir='ltr'><strong>convertam,</strong></span> <span class='ocrx_word' id='word_1_473' title='bbox 1057 4751 1122 4808; x_wconf 86' lang='lat' dir='ltr'><strong>tam</strong></span> <span class='ocrx_word' id='word_1_474' title='bbox 1147 4744 1299 4809; x_wconf 89' lang='lat' dir='ltr'><strong>familiari</strong></span> <span class='ocrx_word' id='word_1_475' title='bbox 1323 4765 1400 4810; x_wconf 89' lang='lat' dir='ltr'><strong>voce</strong></span> <span class='ocrx_word' id='word_1_476' title='bbox 1424 4745 1604 4829; x_wconf 85' lang='lat' dir='ltr'><strong>suggessit,</strong></span> <span class='ocrx_word' id='word_1_477' title='bbox 1640 4750 1674 4809; x_wconf 92' lang='lat' dir='ltr'><strong>nt</strong></span> <span class='ocrx_word' id='word_1_478' title='bbox 1696 4744 1729 4808; x_wconf 91' lang='lat' dir='ltr'><strong>in</strong></span> <span class='ocrx_word' id='word_1_479' title='bbox 1751 4744 1821 4809; x_wconf 90' lang='grc'><strong>1000</strong></span> <span class='ocrx_word' id='word_1_480' title='bbox 1843 4761 1906 4824; x_wconf 93' lang='lat' dir='ltr'><strong>quo</strong></span> 
     </span>
     <span class='ocr_line' id='line_1_43' title="bbox 277 4841 1907 4932; baseline 0.004 -29"><span class='ocrx_word' id='word_1_481' title='bbox 277 4841 451 4907; x_wconf 91' lang='lat' dir='ltr'><strong>orationem</strong></span> <span class='ocrx_word' id='word_1_482' title='bbox 482 4850 612 4909; x_wconf 89' lang='lat' dir='ltr'><strong>sanctus</strong></span> <span class='ocrx_word' id='word_1_483' title='bbox 644 4844 757 4910; x_wconf 85' lang='lat' dir='ltr'><strong>effudit</strong></span> <span class='ocrx_word' id='word_1_484' title='bbox 784 4845 884 4910; x_wconf 89' lang='lat' dir='ltr'><strong>mirae</strong></span> <span class='ocrx_word' id='word_1_485' title='bbox 914 4846 1146 4929; x_wconf 87' lang='lat' dir='ltr'><strong>magnitudinis</strong></span> <span class='ocrx_word' id='word_1_486' title='bbox 1176 4868 1294 4913; x_wconf 84' lang='lat' dir='ltr'><strong>saxeus</strong></span> <span class='ocrx_word' id='word_1_487' title='bbox 1324 4849 1464 4931; x_wconf 87' lang='lat' dir='ltr'><strong>quadrus</strong></span> <span class='ocrx_word' id='word_1_488' title='bbox 1495 4849 1632 4914; x_wconf 86' lang='lat' dir='ltr'><strong>exiliens</strong></span> <span class='ocrx_word' id='word_1_489' title='bbox 1662 4854 1773 4932; x_wconf 92' lang='lat' dir='ltr'><strong>portae</strong></span> <span class='ocrx_word' id='word_1_490' title='bbox 1800 4845 1907 4910; x_wconf 85' lang='lat' dir='ltr'><strong>aditus</strong></span> 
     </span>
     <span class='ocr_line' id='line_1_44' title="bbox 278 4943 1903 5037; baseline 0.003 -30"><span class='ocrx_word' id='word_1_491' title='bbox 278 4943 368 5009; x_wconf 90' lang='lat' dir='ltr'><strong>tieret</strong></span> <span class='ocrx_word' id='word_1_492' title='bbox 397 4947 585 5027; x_wconf 86' lang='lat' dir='ltr'><strong>carceratis,</strong></span> <span class='ocrx_word' id='word_1_493' title='bbox 621 4948 696 5030; x_wconf 86' lang='lat' dir='ltr'><strong>quia</strong></span> <span class='ocrx_word' id='word_1_494' title='bbox 726 4955 799 5013; x_wconf 93' lang='lat' dir='ltr'><strong>ante</strong></span> <span class='ocrx_word' id='word_1_495' title='bbox 830 4949 899 5014; x_wconf 88' lang='lat' dir='ltr'><strong>eius</strong></span> <span class='ocrx_word' id='word_1_496' title='bbox 929 4970 1055 5034; x_wconf 88' lang='lat' dir='ltr'><strong>precem</strong></span> <span class='ocrx_word' id='word_1_497' title='bbox 1085 4951 1280 5017; x_wconf 88' lang='lat' dir='ltr'><strong>soliditatem</strong></span> <span class='ocrx_word' id='word_1_498' title='bbox 1311 4971 1402 5017; x_wconf 90' lang='lat' dir='ltr'><strong>suam</strong></span> <span class='ocrx_word' id='word_1_499' title='bbox 1433 4952 1516 5037; x_wconf 91' lang='lat' dir='ltr'><strong>lapis</strong></span> <span class='ocrx_word' id='word_1_500' title='bbox 1546 4971 1675 5017; x_wconf 90' lang='lat' dir='ltr'><strong>servare</strong></span> <span class='ocrx_word' id='word_1_501' title='bbox 1705 4970 1768 5016; x_wconf 92' lang='lat' dir='ltr'><strong>non</strong></span> <span class='ocrx_word' id='word_1_502' title='bbox 1790 4949 1903 5033; x_wconf 90' lang='lat' dir='ltr'><strong>potuit.</strong></span> 
     </span>
     <span class='ocr_line' id='line_1_45' title="bbox 285 5049 1908 5137; baseline 0.002 -26"><span class='ocrx_word' id='word_1_503' title='bbox 285 5049 345 5128; x_wconf 82' lang='grc'>(46)</span> <span class='ocrx_word' id='word_1_504' title='bbox 372 5050 455 5114; x_wconf 90' lang='lat' dir='ltr'><strong>Hinc</strong></span> <span class='ocrx_word' id='word_1_505' title='bbox 484 5051 605 5133; x_wconf 85' lang='lat' dir='ltr'><strong>egressi</strong></span> <span class='ocrx_word' id='word_1_506' title='bbox 637 5052 727 5135; x_wconf 77' lang='lat' dir='ltr'><strong>‹qurasi</strong></span> <span class='ocrx_word' id='word_1_507' title='bbox 752 5052 792 5118; x_wconf 93' lang='lat' dir='ltr'><strong>de</strong></span> <span class='ocrx_word' id='word_1_508' title='bbox 815 5052 984 5137; x_wconf 89' lang='lat' dir='ltr'><strong>sepulchro</strong></span> <span class='ocrx_word' id='word_1_509' title='bbox 1008 5054 1171 5135; x_wconf 85' lang='lat' dir='ltr'><strong>viventes,</strong></span> <span class='ocrx_word' id='word_1_510' title='bbox 1206 5055 1240 5120; x_wconf 93' lang='lat' dir='ltr'><strong>in</strong></span> <span class='ocrx_word' id='word_1_511' title='bbox 1263 5055 1398 5120; x_wconf 88' lang='lat' dir='ltr'><strong>basilica</strong></span> <span class='ocrx_word' id='word_1_512' title='bbox 1420 5055 1521 5120; x_wconf 91' lang='lat' dir='ltr'><strong>sancti</strong></span> <span class='ocrx_word' id='word_1_513' title='bbox 1547 5054 1688 5119; x_wconf 90' lang='lat' dir='ltr'><strong>Maurilii</strong></span> <span class='ocrx_word' id='word_1_514' title='bbox 1711 5051 1908 5117; x_wconf 68' lang='grc'><strong>(1011100111-</strong></span> 
     </span>
    </p>
   </div>
   <div class='ocr_carea' id='block_1_3' title="bbox 232 5151 1907 5324">
    <p class='ocr_par' dir='ltr' id='par_1_15' title="bbox 232 5151 1907 5324">
     <span class='ocr_line' id='line_1_46' title="bbox 232 5151 1907 5243; baseline 0.005 -30"><span class='ocrx_word' id='word_1_515' title='bbox 232 5175 263 5214; x_wconf 76' lang='grc'><strong>11</strong></span> <span class='ocrx_word' id='word_1_516' title='bbox 283 5151 356 5216; x_wconf 93' lang='lat' dir='ltr'><strong>bino</strong></span> <span class='ocrx_word' id='word_1_517' title='bbox 379 5153 501 5235; x_wconf 88' lang='lat' dir='ltr'><strong>gratias</strong></span> <span class='ocrx_word' id='word_1_518' title='bbox 524 5153 711 5236; x_wconf 89' lang='lat' dir='ltr'><strong>referentes,</strong></span> <span class='ocrx_word' id='word_1_519' title='bbox 738 5176 773 5220; x_wconf 90' lang='lat' dir='ltr'><strong>se</strong></span> <span class='ocrx_word' id='word_1_520' title='bbox 797 5157 838 5221; x_wconf 91' lang='lat' dir='ltr'><strong>ad</strong></span> <span class='ocrx_word' id='word_1_521' title='bbox 862 5158 1000 5240; x_wconf 90' lang='lat' dir='ltr'><strong>vestigia</strong></span> <span class='ocrx_word' id='word_1_522' title='bbox 1023 5159 1092 5224; x_wconf 91' lang='lat' dir='ltr'><strong>eius</strong></span> <span class='ocrx_word' id='word_1_523' title='bbox 1115 5166 1366 5243; x_wconf 90' lang='lat' dir='ltr'><strong>prostraverunt,</strong></span> <span class='ocrx_word' id='word_1_524' title='bbox 1393 5180 1430 5225; x_wconf 93' lang='grc'><strong>00</strong></span> <span class='ocrx_word' id='word_1_525' title='bbox 1455 5159 1541 5243; x_wconf 93' lang='lat' dir='ltr'><strong>quod</strong></span> <span class='ocrx_word' id='word_1_526' title='bbox 1557 5165 1723 5243; x_wconf 91' lang='lat' dir='ltr'><strong>suspectos</strong></span> <span class='ocrx_word' id='word_1_527' title='bbox 1740 5157 1780 5222; x_wconf 91' lang='lat' dir='ltr'><strong>de</strong></span> <span class='ocrx_word' id='word_1_528' title='bbox 1795 5156 1907 5221; x_wconf 89' lang='lat' dir='ltr'><strong>funere</strong></span> 
     </span>
     <span class='ocr_line' id='line_1_47' title="bbox 280 5255 762 5324; baseline 0.012 -8"><span class='ocrx_word' id='word_1_529' title='bbox 280 5255 385 5321; x_wconf 90' lang='lat' dir='ltr'><strong>redire</strong></span> <span class='ocrx_word' id='word_1_530' title='bbox 408 5255 528 5322; x_wconf 91' lang='lat' dir='ltr'><strong>fecerat</strong></span> <span class='ocrx_word' id='word_1_531' title='bbox 549 5257 592 5322; x_wconf 91' lang='lat' dir='ltr'><strong>ad</strong></span> <span class='ocrx_word' id='word_1_532' title='bbox 615 5259 762 5324; x_wconf 88' lang='lat' dir='ltr'><strong>salutem.</strong></span> 
     </span>
    </p>
   </div>
   <div class='ocr_carea' id='block_1_4' title="bbox 280 5439 691 5449">
    <p class='ocr_par' dir='ltr' id='par_1_16' title="bbox 280 5439 691 5449">
     <span class='ocr_line' id='line_1_48' title="bbox 280 5439 691 5449; baseline 0.007 -3"><span class='ocrx_word' id='word_1_533' title='bbox 280 5439 691 5449; x_wconf 59' lang='grc'><strong>“-----,</strong></span> 
     </span>
    </p>
   </div>
   <div class='ocr_carea' id='block_1_5' title="bbox 365 5550 1909 5619">
    <p class='ocr_par' dir='ltr' id='par_1_17' title="bbox 365 5550 1909 5619">
     <span class='ocr_line' id='line_1_49' title="bbox 365 5550 1909 5619; baseline 0.003 -16"><span class='ocrx_word' id='word_1_534' title='bbox 365 5550 488 5619; x_wconf 80' lang='grc'><strong>3111]1.’,</strong></span> <span class='ocrx_word' id='word_1_535' title='bbox 509 5554 648 5603; x_wconf 79' lang='lat' dir='ltr'><strong>sitSurius</strong></span> <span class='ocrx_word' id='word_1_536' title='bbox 766 5554 794 5605; x_wconf 90' lang='grc'><strong>11</strong></span> <span class='ocrx_word' id='word_1_537' title='bbox 816 5557 970 5606; x_wconf 86' lang='lat' dir='ltr'><strong>childeberto</strong></span> <span class='ocrx_word' id='word_1_538' title='bbox 989 5557 1012 5604; x_wconf 80' lang='grc' dir='ltr'><em>Ε</em></span> <span class='ocrx_word' id='word_1_539' title='bbox 1115 5557 1481 5608; x_wconf 75' lang='grc'><strong>201111101110111801101</strong></span> <span class='ocrx_word' id='word_1_540' title='bbox 1586 5557 1615 5608; x_wconf 91' lang='grc'><strong>21</strong></span> <span class='ocrx_word' id='word_1_541' title='bbox 1637 5559 1758 5608; x_wconf 81' lang='lat' dir='ltr'><strong>dedectua</strong></span> <span class='ocrx_word' id='word_1_542' title='bbox 1776 5561 1805 5607; x_wconf 89' lang='lat' dir='ltr'><strong>ln</strong></span> <span class='ocrx_word' id='word_1_543' title='bbox 1823 5557 1909 5607; x_wconf 80' lang='lat' dir='ltr'><strong>uiaX</strong></span> 
     </span>
    </p>
   </div>
   <div class='ocr_carea' id='block_1_6' title="bbox 279 5636 1909 5793">
    <p class='ocr_par' dir='ltr' id='par_1_18' title="bbox 279 5636 1909 5793">
     <span class='ocr_line' id='line_1_50' title="bbox 279 5636 1909 5714; baseline 0.003 -26"><span class='ocrx_word' id='word_1_544' title='bbox 279 5636 577 5714; x_wconf 75' lang='grc'><strong>2211101111]1110111011111</strong></span> <span class='ocrx_word' id='word_1_545' title='bbox 597 5642 620 5688; x_wconf 86' lang='lat' dir='ltr'><em>E</em></span> <span class='ocrx_word' id='word_1_546' title='bbox 758 5641 918 5692; x_wconf 82' lang='grc'><strong>2100110101</strong></span> <span class='ocrx_word' id='word_1_547' title='bbox 943 5645 964 5692; x_wconf 77' lang='grc' dir='ltr'><em>ἵ</em></span> <span class='ocrx_word' id='word_1_548' title='bbox 1099 5644 1132 5695; x_wconf 86' lang='grc'><strong>25</strong></span> <span class='ocrx_word' id='word_1_549' title='bbox 1151 5643 1363 5714; x_wconf 82' lang='lat' dir='ltr'><strong>adolescentulus]</strong></span> <span class='ocrx_word' id='word_1_550' title='bbox 1382 5647 1469 5695; x_wconf 82' lang='lat' dir='ltr'><strong>christi</strong></span> <span class='ocrx_word' id='word_1_551' title='bbox 1487 5647 1595 5695; x_wconf 84' lang='grc'><strong>11101110</strong></span> <span class='ocrx_word' id='word_1_552' title='bbox 1614 5646 1731 5695; x_wconf 85' lang='lat' dir='ltr'><strong>subditus</strong></span> <span class='ocrx_word' id='word_1_553' title='bbox 1749 5644 1809 5694; x_wconf 83' lang='lat' dir='ltr'><strong>add.</strong></span> <span class='ocrx_word' id='word_1_554' title='bbox 1831 5644 1909 5693; x_wconf 70' lang='lat' dir='ltr'><strong>maur</strong></span> 
     </span>
     <span class='ocr_line' id='line_1_51' title="bbox 279 5723 1099 5793; baseline 0.005 -19"><span class='ocrx_word' id='word_1_555' title='bbox 279 5725 312 5774; x_wconf 79' lang='grc'><strong>26</strong></span> <span class='ocrx_word' id='word_1_556' title='bbox 331 5723 415 5793; x_wconf 90' lang='lat' dir='ltr'><strong>cuius]</strong></span> <span class='ocrx_word' id='word_1_557' title='bbox 432 5728 547 5776; x_wconf 85' lang='lat' dir='ltr'><strong>defuncti</strong></span> <span class='ocrx_word' id='word_1_558' title='bbox 566 5727 623 5778; x_wconf 83' lang='lat' dir='ltr'><strong>add.</strong></span> <span class='ocrx_word' id='word_1_559' title='bbox 648 5726 713 5776; x_wconf 82' lang='grc'><strong>1101.</strong></span> <span class='ocrx_word' id='word_1_560' title='bbox 821 5728 853 5778; x_wconf 76' lang='grc'><strong>21</strong></span> <span class='ocrx_word' id='word_1_561' title='bbox 871 5745 989 5792; x_wconf 77' lang='lat' dir='ltr'><strong>prensare</strong></span> <span class='ocrx_word' id='word_1_562' title='bbox 1009 5730 1099 5779; x_wconf 75' lang='grc'><strong>801101</strong></span> 
     </span>
    </p>
   </div>
   <div class='ocr_carea' id='block_1_7' title="bbox 0 0 2206 6180">
    <p class='ocr_par' dir='ltr' id='par_1_19' title="bbox 0 0 2206 6180">
     <span class='ocr_line' id='line_1_52' title="bbox 0 0 2206 6180; baseline 0 0"><span class='ocrx_word' id='word_1_563' title='bbox 0 0 2206 6180; x_wconf 95' lang='lat' dir='ltr'><strong> </strong></span> 
     </span>
    </p>
   </div>
  </div>
 </body>
</html>
