4374 6186
358 414 398 475 14
498 466 502 471 .
965 406 1136 463 VENANTI
1153 406 1375 463 FORTVNATI

355 600 441 666 tiene
472 601 607 664 laxaret.
654 599 778 663 Tamen
800 598 860 664 hoc
881 618 945 663 nen
968 597 1125 663 dubitavit
1147 597 1368 663 misericordia
1389 598 1467 663 iusti
1489 600 1541 663 vel
1564 598 1748 683 perquirere
1772 601 1824 665 vel
1847 600 1983 666 donare.

360 706 421 787 (33)
449 703 519 782 Quo
548 701 651 787 pretio
673 701 853 785 persoluto,
889 700 1022 783 contigit
1045 709 1078 765 ut
1101 708 1175 767 ante
1199 701 1367 767 basilicam
1388 721 1489 786 saepe
1512 702 1618 769 dictus
1641 703 1814 769 Sabaricus
1837 710 1987 787 praeter-

355 806 417 873 iret
448 813 481 872 et
509 826 569 872 nee
598 811 707 871 tamen
729 805 829 870 oratio
851 804 971 890 quippe
994 812 1183 870 occurreret.
1231 805 1293 883 Qui
1316 805 1444 870 domum
1468 824 1559 871 suam
1581 807 1767 889 ingrediens
1790 807 1898 872 statim
1922 806 1986 872 ad-

354 910 493 995 fligitur,
526 910 645 993 ligatur
673 916 706 975 ct
734 909 857 975 eatenis
885 908 1047 974 revinctus
1076 908 1118 973 ad
1148 915 1293 974 sanctum
1323 908 1519 993 perducitur.
1566 910 1678 993 Neque
1708 910 1755 976 sie
1784 930 1804 976 a
1831 910 1886 995 pio
1915 910 1986 976 viro

354 1013 574 1081 misericordia
601 1013 739 1093 tollitur,
773 1012 831 1078 sed
854 1012 961 1077 statim
984 1011 1084 1076 missa
1106 1031 1200 1096 prece
1224 1012 1294 1078 eius
1316 1014 1479 1079 obtinente
1501 1013 1564 1079 lide
1586 1021 1752 1098 purgatur.
1804 1015 1865 1098 (34)
1891 1016 2022 1080 Tunes

354 1117 473 1185 adiecit
489 1117 661 1184 Sabaricus
684 1116 792 1181 adhuc
813 1116 929 1200 viginti
952 1134 1067 1181 aureos
1089 1115 1133 1180 ad
1155 1115 1292 1200 pretium
1315 1116 1401 1199 quod
1423 1123 1592 1201 acceperat
1614 1124 1646 1182 et
1668 1118 1709 1183 de
1727 1124 1854 1184 centum
1870 1117 1985 1183 solidis

354 1241 432 1287 crux
460 1222 503 1287 ad
533 1221 739 1306 sepulchrum
768 1220 855 1286 beati
877 1218 1095 1304 symphoriani
1124 1220 1165 1284 ab
1195 1219 1266 1303 ipso
1298 1239 1456 1305 suspensa
1482 1227 1546 1301 est,
1582 1241 1664 1305 quae
1687 1240 1788 1303 usque
1811 1222 1907 1288 hodie
1930 1241 1985 1287 res

353 1325 462 1391 estin
490 1324 684 1392 testimonio.
737 1326 798 1407 (35)
826 1324 898 1402 Qua
926 1323 1114 1388 occansione
1143 1322 1201 1387 iilii
1231 1324 1283 1389 vel
1312 1323 1399 1389 filiae
1422 1324 1469 1389 ita
1491 1331 1602 1390 sancte
1624 1325 1803 1391 conversati
1825 1333 1915 1407 sunt,
1949 1331 1986 1390 ut

353 1447 412 1513 per
440 1429 636 1493 monasteria
662 1447 747 1493 nunc
768 1433 884 1509 regant
905 1425 1037 1510 agmina
1059 1425 1297 1491 monachorum.
1344 1427 1435 1505 Quae
1458 1447 1556 1493 causa
1578 1430 1672 1494 medo
1695 1428 1842 1494 mirabile
1864 1428 1986 1513 profuit

353 1533 437 1619 patri
459 1534 514 1599 vel
536 1532 684 1615 germini,
711 1539 747 1596 ut
768 1551 902 1616 parvum
925 1529 1079 1614 genitoris
1101 1528 1260 1613 flagitium
1283 1531 1419 1615 posteris
1442 1532 1590 1598 transiret
1612 1532 1645 1596 in
1668 1532 1801 1597 lucrum.
2005 1550 2039 1592 ro

286 1640 333 1704 Xl
446 1638 505 1719 (36)
534 1637 572 1701 In
594 1655 678 1720 page
700 1635 863 1700 Alisiense
886 1654 938 1699 res
962 1641 1055 1716 gesta
1077 1641 1136 1700 est.
1184 1634 1330 1700 Coniunx
1352 1635 1496 1701 inlustris
1520 1637 1579 1700 viri
1602 1636 1727 1702 Vulfari
1750 1636 1902 1702 Destasia
1923 1657 1985 1703 no-

353 1741 439 1806 mine
461 1739 571 1805 vitalis
593 1740 664 1824 spei
687 1739 833 1805 distituta
855 1738 995 1818 solatiis,
1022 1738 1154 1821 linguae
1177 1757 1292 1803 carens
1314 1738 1441 1818 officiis,
1468 1760 1525 1824 per
1547 1739 1679 1805 biduum
1701 1739 1768 1805 iam
1790 1747 1887 1819 muta,
1915 1739 1985 1825 spi-

353 1844 417 1911 ritu
439 1842 608 1909 deficiente
631 1843 842 1923 decumbens,
869 1842 1033 1926 adparatis
1056 1841 1219 1924 exsequiis
1240 1841 1304 1906 iarn
1327 1842 1509 1926 palpitabat
1531 1843 1700 1908 exanimis.
1753 1846 1814 1925 (37)
1842 1843 1904 1910 Cui
1925 1864 1985 1909 eu-

353 1949 448 2031 logiis
469 1969 528 2033 per
549 1948 772 2033 presbyterum
795 1966 887 2011 suum
912 1945 1042 2011 directis
1066 1951 1113 2027 et,
1141 1945 1299 2011 violenter
1321 1945 1486 2030 adapertis
1509 1955 1730 2030 praemortuae
1754 1947 1921 2029 dentibus,
1947 1947 1984 2013 in

353 2072 407 2118 ore
436 2051 634 2131 baudastis,
668 2071 742 2116 mex
769 2057 805 2116 ut
834 2049 945 2115 lauces
976 2048 1151 2115 semivivae
1181 2049 1285 2132 liquor
1314 2050 1547 2116 benedictionis
1569 2050 1705 2129 introiit,
1739 2050 1846 2116 statim
1869 2050 1984 2134 incipit
2006 2068 2040 2109 1⁵

352 2163 554 2242 praemortua
583 2155 668 2221 vitae
691 2154 821 2220 flatibus
844 2154 1016 2234 anhelare,
1050 2152 1133 2218 oculi
1156 2173 1235 2218 nece
1258 2153 1399 2237 perclusi
1422 2155 1529 2218 lumen
1552 2153 1618 2219 diei
1639 2153 1818 2236 requirere,
1853 2160 1887 2219 ut
1908 2161 1983 2239 post

352 2259 520 2326 funereum
544 2259 700 2343 pallorem
723 2257 823 2323 iacies
845 2258 881 2322 in
902 2257 1049 2322 ruborem
1064 2256 1224 2338 transiret,
1252 2257 1353 2322 donec
1369 2258 1490 2322 cunctis
1507 2257 1710 2342 stupentibus
1726 2257 1888 2323 vivificata
1904 2278 1984 2323 con-

352 2368 498 2447 surgeret
520 2368 552 2429 et
574 2362 818 2429 circumstantes
841 2367 1004 2426 auctorem
1028 2361 1169 2426 muneris
1191 2360 1328 2443 gratiam
1351 2360 1584 2446 praedicarent.
1628 2361 1718 2439 Quae
1734 2360 1870 2444 singulis
1886 2361 1983 2427 annis

352 2467 504 2534 tributum
527 2466 614 2532 vitae
638 2465 734 2531 solvit
755 2485 813 2549 pro
835 2464 948 2550 pretio.

265 2571 331 2637 Xll
442 2573 504 2654 (38)
532 2569 682 2637 Ceterum
712 2568 944 2634 revelationum
969 2587 1097 2632 suarum
1120 2566 1192 2649 quis
1216 2572 1372 2632 scrutator
1393 2567 1545 2649 introeat,
1578 2569 1629 2634 cui
1652 2575 1726 2635 ante
1749 2575 1897 2651 quattuor
1918 2591 1981 2635 an·
2003 2585 2039 2628 ²⁰

351 2695 462 2740 norum
494 2673 652 2739 curricula
679 2672 752 2757 ipsa
780 2672 986 2758 episcopatus
1016 2671 1066 2735 sui
1094 2690 1192 2735 eausa
1214 2691 1276 2735 non
1301 2677 1351 2737 est
1372 2671 1584 2737 abscondita?
1632 2673 1694 2755 (39)
1720 2674 1833 2756 Itaque
1856 2674 1982 2759 pesitus

352 2797 465 2864 sopore
499 2777 630 2862 inspicit
661 2797 682 2842 a
714 2776 852 2860 quodam
887 2794 964 2840 sene
994 2776 1103 2840 claves
1132 2774 1193 2838 sibi
1224 2781 1335 2858 portae
1364 2775 1546 2840 Parisiacae
1576 2776 1716 2859 porregi.
1775 2777 1983 2861 Interrogans

352 2881 430 2965 quid
452 2880 512 2945 hoc
534 2879 633 2961 fieret,
662 2878 787 2962 accepit
808 2878 842 2943 in
866 2897 1063 2962 responsum,
1090 2883 1125 2941 ut
1148 2878 1257 2941 salvas
1280 2896 1337 2942 eas
1359 2877 1491 2944 iaceret.
1538 2878 1632 2956 Quod
1654 2887 1727 2964 post
1748 2880 1888 2946 civitatis
1910 2881 1983 2947 eius

351 2985 502 3069 episcopo
524 2982 711 3063 decedente,
739 2982 815 3047 dum
837 2979 1144 3065 praecellentissimo
1167 2980 1237 3063 regi
1259 2981 1508 3048 childeberctho
1531 2990 1717 3064 occurreret,
1744 2984 1778 3049 in
1800 2984 1869 3049 eius
1892 2986 1981 3050 elec—

350 3087 437 3153 tione
460 3087 608 3153 effcetum
632 3086 690 3151 illa
712 3106 773 3150 vex
796 3083 923 3150 meruit.
976 3085 1036 3165 (40)
1064 3083 1304 3167 Ordinatusque
1327 3085 1471 3169 pontifex
1494 3087 1599 3169 qualis
1622 3094 1822 3170 quantusque
1845 3107 1880 3154 se
1904 3108 1982 3171 ges·
2005 3103 2041 3146 ²³

352 3190 444 3272 serit,
479 3190 539 3255 hoc
569 3188 722 3274 expedire
751 3188 864 3271 lingua
891 3187 1035 3252 mortalis
1065 3207 1129 3251 non
1159 3187 1293 3265 suflicit,
1329 3189 1478 3271 quoniam
1503 3209 1601 3274 supra
1622 3190 1782 3256 hominem
1806 3191 1867 3257 fuit
1888 3212 1984 3258 omne

352 3294 437 3379 quod
461 3293 571 3360 edidit.
618 3293 765 3375 Denique
787 3294 926 3376 adeptus
948 3292 1086 3374 gradum
1109 3312 1204 3357 curae
1227 3293 1399 3376 pastoralis
1421 3294 1601 3378 episcopus,
1634 3294 1673 3359 de
1697 3295 1793 3360 relico
1817 3315 1891 3361 vero
1913 3316 1986 3361 me-

352 3399 475 3465 nachus
502 3398 705 3483 persistebat.
758 3400 819 3480 (41)
847 3397 930 3462 Hinc
959 3416 994 3461 se
1023 3397 1301 3478 frequentantibus
1325 3400 1497 3464 exercebat
1519 3399 1658 3483 vigiliis,
1691 3399 1766 3466 inde
1789 3401 1985 3467 continuatis

351 3503 536 3568 macerabat
558 3500 686 3566 inediis.
727 3501 941 3567 Pemectabat
965 3501 1076 3583 algida
1099 3506 1248 3566 senectus
1271 3522 1328 3586 per
1350 3502 1487 3567 hiemem
1511 3504 1672 3569 sustinens
1695 3505 1865 3589 dupliciter
1879 3504 1985 3587 frigus

350 3606 468 3673 aetatis
490 3613 522 3670 et
543 3603 710 3690 temporis,
745 3604 830 3688 quod
853 3624 913 3669 nec
933 3605 1070 3670 tolerare
1094 3603 1217 3688 possint
1246 3604 1399 3688 potolenti
1421 3605 1572 3687 iuvenes,
1608 3627 1643 3673 se
1665 3608 1771 3692 ipsum
1794 3629 1877 3692 pene
1899 3609 1985 3673 obli·
2009 3623 2044 3666 ³⁰

351 3710 478 3776 visceris
507 3729 564 3794 pre
593 3708 726 3775 victoria
755 3708 912 3792 corporis,
946 3714 1109 3790 tamquam
1139 3707 1166 3772 si
1196 3706 1292 3772 simul
1322 3709 1537 3775 accessissent
1567 3710 1708 3794 dignitas
1735 3718 1768 3776 et
1790 3712 1981 3778 necessitas.

356 3814 417 3898 (tt)
444 3814 536 3891 Quae
564 3832 639 3878 vero
668 3812 894 3896 eleemosynae
924 3818 989 3876 tarn
1017 3810 1176 3876 derebus
1200 3811 1356 3876 eeclesiae
1380 3832 1475 3893 quam
1498 3814 1610 3898 populi
1634 3815 1794 3880 oblatione
1817 3816 1869 3880 vel
1892 3817 1986 3900 regio

350 3937 481 3983 munere
504 3936 562 4001 per
582 3936 696 3981 manns
720 3916 823 3981 sancti
846 3914 951 3980 factae
975 3922 1057 3997 sunt,
1085 3915 1173 3979 solus
1195 3915 1252 3980 ille
1275 3916 1329 3998 qui
1353 3916 1459 3980 omnia
1482 3917 1542 3982 seit
1563 3924 1596 3982 et
1618 3918 1706 3983 novit
1728 3924 1761 3983 et
1783 3926 1941 3985 numerat.

250 4021 330 4086 Xlll
443 4021 504 4101 (43)
532 4019 679 4101 Denique
702 4020 840 4102 quadarn
864 4019 934 4084 vice
954 4017 1281 4103 praecellentissimus
1297 4018 1563 4084 Childeberctlrus
1587 4040 1642 4084 rex
1666 4041 1737 4086 cum
1761 4022 1790 4087 ei
1808 4023 1985 4090 direxisset

352 4144 410 4190 sex
440 4123 532 4188 milia
561 4123 735 4188 solidorum
762 4121 959 4207 pauperibus
990 4122 1169 4204 eroganda,
1204 4120 1391 4205 expendens
1420 4123 1483 4187 tria
1512 4123 1603 4187 milia
1632 4124 1802 4189 revertitur
1824 4126 1866 4190 ad
1889 4128 1990 4210 pala-
2008 4143 2042 4185 ³⁵

351 4227 442 4294 tium.
483 4227 703 4308 Interrogatus
725 4247 747 4291 a
768 4246 856 4308 rege,
883 4225 911 4290 si
933 4226 1040 4290 adbuc
1062 4225 1220 4290 resideret
1241 4224 1325 4307 quod
1348 4225 1461 4308 egenis
1483 4225 1645 4308 tribueret,
1673 4229 1837 4313 respondit
1857 4230 1985 4297 medie-

351 4337 450 4397 tatem
477 4330 639 4395 resedisse
669 4350 729 4395 nec
756 4329 919 4395 invenisse
941 4329 1054 4413 inopes
1077 4328 1193 4412 quibus
1215 4335 1316 4394 totum
1339 4328 1545 4412 expenderet.
1597 4332 1660 4415 (44)
1688 4332 1748 4398 Cui
1771 4353 1826 4397 rex
1848 4333 1979 4417 inquid:

351 4433 510 4512 Domine,
544 4433 629 4498 dona
657 4433 742 4516 quod
768 4433 895 4498 restitit.
943 4433 1026 4496 Nam
1050 4432 1176 4497 Christo
1200 4432 1356 4515 largiente
1380 4432 1466 4514 quod
1489 4432 1623 4500 donetur
1645 4456 1707 4500 non
1730 4436 1848 4502 delicit.
1896 4438 1985 4503 Inci-

356 4538 436 4604 dens
457 4544 572 4602 aurata
594 4536 752 4616 missoria,
778 4543 933 4619 argentea
954 4556 1035 4601 vasa
1057 4535 1283 4610 comminuens,
1312 4536 1468 4618 quidquid
1493 4537 1629 4621 primum
1647 4539 1761 4605 hahuit
1775 4541 1857 4606 (lans
1874 4561 1985 4607 saeer-

353 4641 482 4707 detine
505 4639 662 4726 perderet.
714 4640 775 4723 (45)
803 4641 881 4705 Erat
903 4660 978 4723 ergo
1002 4639 1204 4723 expectanda
1227 4640 1385 4706 contentio
1408 4640 1492 4707 inter
1515 4642 1715 4709 sacerdotem
1739 4650 1771 4709 et
1790 4645 1980 4730 principem.
2007 4659 2040 4700 ⁴⁰

354 4744 533 4810 Faciebant
555 4743 643 4829 apud
666 4762 702 4808 se
725 4743 764 4808 dc
787 4743 1005 4809 misericordia
1028 4763 1169 4827 pugnam
1192 4749 1224 4808 et
1247 4743 1287 4808 de
1310 4743 1430 4827 pietate
1454 4752 1625 4827 certarnen,
1653 4747 1820 4812 thesauros
1840 4754 1875 4812 ut
1890 4768 1986 4832 spar—

353 4854 466 4931 gerent
488 4853 521 4913 et
543 4846 583 4912 de
606 4847 674 4912 suis
696 4847 828 4913 talentis
851 4847 947 4931 egeni
971 4847 1167 4928 ditisccrent,
1196 4846 1304 4912 festini
1327 4847 1371 4912 ad
1385 4848 1492 4913 futura
1508 4849 1608 4930 lucra,
1635 4856 1669 4915 ut
1684 4851 1852 4916 bratheum
1870 4871 1984 4918 semen

353 4956 495 5017 sererent
527 4957 561 5016 et
585 4957 657 5035 post
678 4969 840 5016 messores
862 4949 1054 5016 accederent
1076 4951 1275 5015 aurolentam
1298 4971 1356 5035 per
1377 4959 1538 5035 segetem:
1573 4960 1608 5018 ut
1630 4954 1781 5019 sacerdos
1803 4956 1984 5040 locupleta

351 5120 405 5127 .—
417 5121 434 5125 ..
470 5121 473 5125 .
493 5120 570 5125 ..--.-.--.
605 5120 608 5124 .

440 5212 454 5261 3
474 5214 578 5261 orationi
598 5209 668 5260 P²ll²
793 5207 899 5277 quippe]
918 5212 947 5273 P,
968 5225 1068 5274 qnoque
1089 5207 1122 5258 (ι’)
1262 5213 1392 5261 bsoledos
1412 5212 1434 5260 P
1572 5213 1585 5261 7
1605 5211 1692 5281 hodie]
1710 5215 1853 5264 hodiernam
1872 5218 1939 5264 diem
1961 5218 1984 5263 (l

353 5298 500 5349 Seeuuersi
519 5297 542 5344 P
655 5297 683 5346 11
705 5297 849 5345 uullariiG
964 5295 994 5345 12
1014 5296 1132 5345 bidueP
1236 5296 1266 5345 13
1287 5298 1443 5359 palpetrahat
1461 5297 1492 5344 Ρ)
1598 5301 1743 5361 englogiasl
1761 5301 1792 5348 Ρ)
1902 5301 1986 5349 1511-

352 5382 426 5451 quer]
446 5381 524 5444 P⁹G²,
545 5384 607 5445 ligor
627 5382 658 5429 Ρ)
765 5382 794 5431 17
814 5384 919 5431 funereo
936 5384 1072 5445 palloreP
1177 5382 1207 5433 18
1225 5385 1303 5444 grstia
1323 5384 1345 5429 P
1447 5384 1480 5434 22
1499 5387 1567 5446 pergi
1588 5385 1627 5447 Ρ),
1651 5401 1712 5435 cerr.
1821 5386 1853 5436 13
1872 5385 1911 5454 in]
1930 5403 1980 5438 em.

353 5471 374 5519 0
501 5471 627 5533 responsis
646 5469 685 5532 Ρ),
707 5483 772 5519 corr.
911 5469 945 5519 24
964 5468 1157 5537 childeberctho]
1177 5473 1269 5531 scripsi,
1292 5470 1325 5531 cf.
1346 5485 1421 5519 curm.
1447 5472 1487 5531 VI,
1510 5474 1534 5532 Ρ,
1556 5474 1598 5532 13,
1618 5472 1772 5521 childeberte
1790 5489 1883 5535 semper
1902 5474 1947 5521 PG

353 5558 501 5607 electionem
523 5556 544 5604 G
688 5554 720 5604 27
740 5551 827 5622 relico]
847 5555 875 5617 P,
902 5556 936 5617 cf.
957 5557 1010 5604 ind.
1030 5571 1104 5605 carm.
1129 5558 1170 5619 VI,
1191 5560 1208 5605 8
1353 5554 1425 5624 nero]
1443 5572 1505 5608 erar.
1530 5557 1551 5604 G
1699 5558 1731 5609 28
1752 5561 1927 5622 frequentibus
1949 5558 1985 5607 Θ)

354 5642 387 5694 30
405 5645 485 5705 possit
496 5641 537 5704 Ρ),
558 5638 708 5704 posseutP²
811 5642 843 5690 33
862 5640 1033 5709 seit]sieutP
1135 5642 1294 5691 numerctP¹
1400 5643 1432 5695 38
1451 5645 1552 5693 defecet
1565 5644 1603 5707 Ρ),
1625 5644 1724 5694 deliciet
1740 5643 1773 5693 Ρ)
1876 5645 1910 5694 43
1928 5660 1984 5696 mes

355 5728 396 5790 Ρ),
417 5733 499 5777 messe
517 5726 551 5775 1²2
654 5729 795 5777 acciderent
813 5729 859 5777 ΡΟ
963 5729 1094 5778 aurulenta
1112 5743 1156 5791 per
1174 5730 1319 5789 segiteml’
