<?xml version="1.0" encoding="UTF-8"?>
<!DOCTYPE html PUBLIC "-//W3C//DTD XHTML 1.0 Transitional//EN"
    "http://www.w3.org/TR/xhtml1/DTD/xhtml1-transitional.dtd">
<html xmlns="http://www.w3.org/1999/xhtml" xml:lang="en" lang="en">
 <head>
  <title>
</title>
<meta http-equiv="Content-Type" content="text/html;charset=utf-8" />
  <meta name='ocr-system' content='tesseract 3.04.00' />
  <meta name='ocr-capabilities' content='ocr_page ocr_carea ocr_par ocr_line ocrx_word'/>
</head>
<body>
  <div class='ocr_page' id='page_1' title='image "./venantihonoricl00unkngoog_0539.png"; bbox 0 0 4374 6186; ppageno 0'>
   <div class='ocr_carea' id='block_1_1' title="bbox 418 389 1434 458">
    <p class='ocr_par' dir='ltr' id='par_1_1' title="bbox 418 389 1434 458">
     <span class='ocr_line' id='line_1_1' title="bbox 418 389 1434 458; baseline -0.013 0"><span class='ocrx_word' id='word_1_1' title='bbox 418 397 460 458; x_wconf 81' lang='lat'><strong>40</strong></span> <span class='ocrx_word' id='word_1_2' title='bbox 1023 389 1194 449; x_wconf 71' lang='lat' dir='ltr'><strong>vasensi</strong></span> <span class='ocrx_word' id='word_1_3' title='bbox 1212 389 1434 447; x_wconf 80' lang='lat' dir='ltr'><strong>FORTVNATI</strong></span> 
     </span>
    </p>
   </div>
   <div class='ocr_carea' id='block_1_2' title="bbox 323 580 2104 3983">
    <p class='ocr_par' dir='ltr' id='par_1_2' title="bbox 418 580 2074 882">
     <span class='ocr_line' id='line_1_2' title="bbox 418 580 2049 667; baseline 0 -19"><span class='ocrx_word' id='word_1_4' title='bbox 418 581 526 649; x_wconf 88' lang='lat' dir='ltr'><strong>biliter</strong></span> <span class='ocrx_word' id='word_1_5' title='bbox 546 583 747 649; x_wconf 78' lang='lat' dir='ltr'><strong>vescebatur.</strong></span> <span class='ocrx_word' id='word_1_6' title='bbox 797 583 846 649; x_wconf 93' lang='lat' dir='ltr'><strong>De</strong></span> <span class='ocrx_word' id='word_1_7' title='bbox 869 601 963 648; x_wconf 90' lang='lat' dir='ltr'><strong>cursu</strong></span> <span class='ocrx_word' id='word_1_8' title='bbox 986 601 1062 647; x_wconf 87' lang='lat' dir='ltr'><strong>vero</strong></span> <span class='ocrx_word' id='word_1_9' title='bbox 1085 580 1305 662; x_wconf 89' lang='lat' dir='ltr'><strong>decantando,</strong></span> <span class='ocrx_word' id='word_1_10' title='bbox 1332 581 1394 646; x_wconf 89' lang='lat' dir='ltr'><strong>etsi</strong></span> <span class='ocrx_word' id='word_1_11' title='bbox 1416 581 1544 649; x_wconf 91' lang='lat' dir='ltr'><strong>sederet</strong></span> <span class='ocrx_word' id='word_1_12' title='bbox 1565 581 1598 647; x_wconf 90' lang='lat' dir='ltr'><strong>in</strong></span> <span class='ocrx_word' id='word_1_13' title='bbox 1622 582 1767 667; x_wconf 89' lang='lat' dir='ltr'><strong>prandio,</strong></span> <span class='ocrx_word' id='word_1_14' title='bbox 1794 603 1952 650; x_wconf 89' lang='lat' dir='ltr'><strong>excusans</strong></span> <span class='ocrx_word' id='word_1_15' title='bbox 1975 583 2049 667; x_wconf 90' lang='lat' dir='ltr'><strong>regi</strong></span> 
     </span>
     <span class='ocr_line' id='line_1_3' title="bbox 418 683 2049 771; baseline -0.001 -18"><span class='ocrx_word' id='word_1_16' title='bbox 418 685 527 771; x_wconf 91' lang='lat' dir='ltr'><strong>aliquo</strong></span> <span class='ocrx_word' id='word_1_17' title='bbox 557 705 649 769; x_wconf 90' lang='lat' dir='ltr'><strong>casu,</strong></span> <span class='ocrx_word' id='word_1_18' title='bbox 683 693 719 753; x_wconf 91' lang='lat' dir='ltr'><strong>nt</strong></span> <span class='ocrx_word' id='word_1_19' title='bbox 747 686 808 753; x_wconf 91' lang='lat' dir='ltr'><strong>deo</strong></span> <span class='ocrx_word' id='word_1_20' title='bbox 838 684 988 752; x_wconf 88' lang='lat' dir='ltr'><strong>redderet</strong></span> <span class='ocrx_word' id='word_1_21' title='bbox 1016 684 1160 751; x_wconf 90' lang='lat' dir='ltr'><strong>debitum</strong></span> <span class='ocrx_word' id='word_1_22' title='bbox 1183 703 1218 750; x_wconf 91' lang='lat' dir='ltr'><strong>se</strong></span> <span class='ocrx_word' id='word_1_23' title='bbox 1241 683 1443 752; x_wconf 90' lang='lat' dir='ltr'><strong>subducebat</strong></span> <span class='ocrx_word' id='word_1_24' title='bbox 1464 684 1623 751; x_wconf 84' lang='lat' dir='ltr'><strong>convivio.</strong></span> <span class='ocrx_word' id='word_1_25' title='bbox 1670 686 1740 765; x_wconf 83' lang='lat' dir='ltr'><strong>Quo</strong></span> <span class='ocrx_word' id='word_1_26' title='bbox 1763 706 1895 771; x_wconf 89' lang='lat' dir='ltr'><strong>egressa</strong></span> <span class='ocrx_word' id='word_1_27' title='bbox 1917 687 2049 754; x_wconf 90' lang='lat' dir='ltr'><strong>domino</strong></span> 
     </span>
     <span class='ocr_line' id='line_1_4' title="bbox 418 787 2074 882; baseline 0 -26"><span class='ocrx_word' id='word_1_28' title='bbox 418 791 584 876; x_wconf 77' lang='lat' dir='ltr'><strong>psalleret,</strong></span> <span class='ocrx_word' id='word_1_29' title='bbox 610 788 735 856; x_wconf 91' lang='lat' dir='ltr'><strong>curiose</strong></span> <span class='ocrx_word' id='word_1_30' title='bbox 757 789 941 874; x_wconf 82' lang='lat' dir='ltr'><strong>requirebat</strong></span> <span class='ocrx_word' id='word_1_31' title='bbox 962 788 1051 873; x_wconf 89' lang='lat' dir='ltr'><strong>quali</strong></span> <span class='ocrx_word' id='word_1_32' title='bbox 1073 787 1145 853; x_wconf 93' lang='lat' dir='ltr'><strong>cibo</strong></span> <span class='ocrx_word' id='word_1_33' title='bbox 1168 787 1247 855; x_wconf 85' lang='lat' dir='ltr'><strong>soris</strong></span> <span class='ocrx_word' id='word_1_34' title='bbox 1269 808 1429 874; x_wconf 82' lang='lat' dir='ltr'><strong>pauperes</strong></span> <span class='ocrx_word' id='word_1_35' title='bbox 1451 788 1651 856; x_wconf 84' lang='lat' dir='ltr'><strong>refecissent.</strong></span> <span class='ocrx_word' id='word_1_36' title='bbox 2069 874 2074 882; x_wconf 27' lang='grc'>1</span> 
     </span>
    </p>

    <p class='ocr_par' dir='ltr' id='par_1_3' title="bbox 368 891 2104 1706">
     <span class='ocr_line' id='line_1_5' title="bbox 368 891 2049 980; baseline 0.001 -21"><span class='ocrx_word' id='word_1_37' title='bbox 368 895 396 959; x_wconf 91' lang='lat' dir='ltr'>V</span> <span class='ocrx_word' id='word_1_38' title='bbox 510 894 572 978; x_wconf 83' lang='grc'><strong>[14)</strong></span> <span class='ocrx_word' id='word_1_39' title='bbox 599 894 678 960; x_wconf 90' lang='lat' dir='ltr'><strong>Item</strong></span> <span class='ocrx_word' id='word_1_40' title='bbox 707 900 861 960; x_wconf 89' lang='lat' dir='ltr'><strong>nocturno</strong></span> <span class='ocrx_word' id='word_1_41' title='bbox 883 900 1025 977; x_wconf 90' lang='lat' dir='ltr'><strong>tempore</strong></span> <span class='ocrx_word' id='word_1_42' title='bbox 1049 912 1121 957; x_wconf 88' lang='lat' dir='ltr'><strong>enm</strong></span> <span class='ocrx_word' id='word_1_43' title='bbox 1143 891 1315 957; x_wconf 88' lang='lat' dir='ltr'><strong>reclinaret</strong></span> <span class='ocrx_word' id='word_1_44' title='bbox 1337 910 1408 957; x_wconf 91' lang='lat' dir='ltr'><strong>cum</strong></span> <span class='ocrx_word' id='word_1_45' title='bbox 1431 891 1595 977; x_wconf 78' lang='lat' dir='ltr'><strong>principe,</strong></span> <span class='ocrx_word' id='word_1_46' title='bbox 1626 913 1746 977; x_wconf 87' lang='lat' dir='ltr'><strong>rogans</strong></span> <span class='ocrx_word' id='word_1_47' title='bbox 1769 914 1804 959; x_wconf 90' lang='lat' dir='ltr'><strong>se</strong></span> <span class='ocrx_word' id='word_1_48' title='bbox 1826 914 1882 980; x_wconf 90' lang='lat' dir='ltr'><strong>pro</strong></span> <span class='ocrx_word' id='word_1_49' title='bbox 1905 893 2049 960; x_wconf 88' lang='lat' dir='ltr'><strong>humana</strong></span> 
     </span>
     <span class='ocr_line' id='line_1_6' title="bbox 417 994 2086 1081; baseline 0.002 -19"><span class='ocrx_word' id='word_1_50' title='bbox 417 996 610 1063; x_wconf 79' lang='lat' dir='ltr'><strong>necessitate</strong></span> <span class='ocrx_word' id='word_1_51' title='bbox 640 1016 848 1081; x_wconf 83' lang='lat' dir='ltr'><strong>consurgere,</strong></span> <span class='ocrx_word' id='word_1_52' title='bbox 884 996 998 1063; x_wconf 88' lang='lat' dir='ltr'><strong>levans</strong></span> <span class='ocrx_word' id='word_1_53' title='bbox 1028 1014 1161 1079; x_wconf 89' lang='lat' dir='ltr'><strong>egressa</strong></span> <span class='ocrx_word' id='word_1_54' title='bbox 1191 994 1354 1078; x_wconf 88' lang='lat' dir='ltr'><strong>cubiculo,</strong></span> <span class='ocrx_word' id='word_1_55' title='bbox 1387 1001 1453 1060; x_wconf 87' lang='lat' dir='ltr'><strong>tam</strong></span> <span class='ocrx_word' id='word_1_56' title='bbox 1485 996 1539 1061; x_wconf 92' lang='lat' dir='ltr'><strong>diu</strong></span> <span class='ocrx_word' id='word_1_57' title='bbox 1562 1003 1637 1063; x_wconf 89' lang='lat' dir='ltr'><strong>ante</strong></span> <span class='ocrx_word' id='word_1_58' title='bbox 1659 1005 1816 1064; x_wconf 88' lang='lat' dir='ltr'><strong>secretum</strong></span> <span class='ocrx_word' id='word_1_59' title='bbox 1839 999 1973 1064; x_wconf 90' lang='lat' dir='ltr'><strong>orationi</strong></span> <span class='ocrx_word' id='word_1_60' title='bbox 1995 999 2086 1067; x_wconf 77' lang='lat' dir='ltr'><strong>in·x</strong></span> 
     </span>
     <span class='ocr_line' id='line_1_7' title="bbox 418 1098 2050 1187; baseline 0.002 -20"><span class='ocrx_word' id='word_1_61' title='bbox 418 1101 590 1168; x_wconf 88' lang='lat' dir='ltr'><strong>cumbebat</strong></span> <span class='ocrx_word' id='word_1_62' title='bbox 612 1100 730 1167; x_wconf 85' lang='lat' dir='ltr'><strong>iactato</strong></span> <span class='ocrx_word' id='word_1_63' title='bbox 753 1100 868 1184; x_wconf 89' lang='lat' dir='ltr'><strong>cilicio,</strong></span> <span class='ocrx_word' id='word_1_64' title='bbox 894 1105 929 1166; x_wconf 95' lang='lat' dir='ltr'><strong>ut</strong></span> <span class='ocrx_word' id='word_1_65' title='bbox 952 1099 1020 1165; x_wconf 95' lang='lat' dir='ltr'><strong>solo</strong></span> <span class='ocrx_word' id='word_1_66' title='bbox 1043 1098 1153 1166; x_wconf 88' lang='lat' dir='ltr'><strong>calens</strong></span> <span class='ocrx_word' id='word_1_67' title='bbox 1176 1098 1291 1184; x_wconf 90' lang='lat' dir='ltr'><strong>spiritu</strong></span> <span class='ocrx_word' id='word_1_68' title='bbox 1314 1099 1434 1167; x_wconf 85' lang='lat' dir='ltr'><strong>iaceret</strong></span> <span class='ocrx_word' id='word_1_69' title='bbox 1455 1101 1532 1183; x_wconf 88' lang='lat' dir='ltr'><strong>gelu</strong></span> <span class='ocrx_word' id='word_1_70' title='bbox 1554 1108 1732 1185; x_wconf 88' lang='lat' dir='ltr'><strong>penetrata,</strong></span> <span class='ocrx_word' id='word_1_71' title='bbox 1757 1107 1825 1167; x_wconf 84' lang='lat' dir='ltr'><strong>tota</strong></span> <span class='ocrx_word' id='word_1_72' title='bbox 1841 1122 1934 1169; x_wconf 88' lang='lat' dir='ltr'><strong>carne</strong></span> <span class='ocrx_word' id='word_1_73' title='bbox 1949 1123 2050 1187; x_wconf 89' lang='lat' dir='ltr'><strong>prae-</strong></span> 
     </span>
     <span class='ocr_line' id='line_1_8' title="bbox 419 1202 2046 1290; baseline 0.002 -21"><span class='ocrx_word' id='word_1_74' title='bbox 419 1211 556 1288; x_wconf 90' lang='lat' dir='ltr'><strong>mortua,</strong></span> <span class='ocrx_word' id='word_1_75' title='bbox 582 1225 645 1271; x_wconf 90' lang='lat' dir='ltr'><strong>non</strong></span> <span class='ocrx_word' id='word_1_76' title='bbox 668 1223 783 1270; x_wconf 87' lang='lat' dir='ltr'><strong>curans</strong></span> <span class='ocrx_word' id='word_1_77' title='bbox 807 1203 947 1289; x_wconf 88' lang='lat' dir='ltr'><strong>corporis</strong></span> <span class='ocrx_word' id='word_1_78' title='bbox 969 1209 1128 1269; x_wconf 88' lang='lat' dir='ltr'><strong>tormenta</strong></span> <span class='ocrx_word' id='word_1_79' title='bbox 1141 1222 1233 1268; x_wconf 88' lang='lat' dir='ltr'><strong>mens</strong></span> <span class='ocrx_word' id='word_1_80' title='bbox 1248 1202 1373 1269; x_wconf 89' lang='lat' dir='ltr'><strong>intenta</strong></span> <span class='ocrx_word' id='word_1_81' title='bbox 1391 1202 1554 1288; x_wconf 82' lang='lat' dir='ltr'><strong>paradiso,</strong></span> <span class='ocrx_word' id='word_1_82' title='bbox 1580 1205 1652 1271; x_wconf 87' lang='lat' dir='ltr'><strong>leve</strong></span> <span class='ocrx_word' id='word_1_83' title='bbox 1667 1213 1820 1290; x_wconf 90' lang='lat' dir='ltr'><strong>reputans</strong></span> <span class='ocrx_word' id='word_1_84' title='bbox 1836 1206 1920 1288; x_wconf 92' lang='lat' dir='ltr'><strong>quod</strong></span> <span class='ocrx_word' id='word_1_85' title='bbox 1936 1206 2046 1289; x_wconf 84' lang='lat' dir='ltr'><strong>ferret,</strong></span> 
     </span>
     <span class='ocr_line' id='line_1_9' title="bbox 420 1306 2050 1395; baseline 0 -21"><span class='ocrx_word' id='word_1_86' title='bbox 420 1314 544 1375; x_wconf 87' lang='lat' dir='ltr'><strong>tantum</strong></span> <span class='ocrx_word' id='word_1_87' title='bbox 566 1329 607 1374; x_wconf 91' lang='lat' dir='ltr'><strong>ne</strong></span> <span class='ocrx_word' id='word_1_88' title='bbox 631 1307 758 1374; x_wconf 84' lang='lat' dir='ltr'><strong>Christo</strong></span> <span class='ocrx_word' id='word_1_89' title='bbox 780 1307 960 1373; x_wconf 75' lang='lat' dir='ltr'><strong>vilesceret,</strong></span> <span class='ocrx_word' id='word_1_90' title='bbox 1013 1307 1075 1390; x_wconf 80' lang='lat'><strong>(15)</strong></span> <span class='ocrx_word' id='word_1_91' title='bbox 1102 1306 1182 1372; x_wconf 89' lang='lat' dir='ltr'><strong>Inde</strong></span> <span class='ocrx_word' id='word_1_92' title='bbox 1204 1326 1354 1390; x_wconf 87' lang='lat' dir='ltr'><strong>regressa</strong></span> <span class='ocrx_word' id='word_1_93' title='bbox 1376 1306 1577 1390; x_wconf 90' lang='lat' dir='ltr'><strong>cubiculum,</strong></span> <span class='ocrx_word' id='word_1_94' title='bbox 1603 1307 1658 1373; x_wconf 85' lang='lat' dir='ltr'><strong>vix</strong></span> <span class='ocrx_word' id='word_1_95' title='bbox 1680 1308 1825 1394; x_wconf 88' lang='lat' dir='ltr'><strong>tepefieri</strong></span> <span class='ocrx_word' id='word_1_96' title='bbox 1848 1316 1972 1395; x_wconf 89' lang='lat' dir='ltr'><strong>poterat</strong></span> <span class='ocrx_word' id='word_1_97' title='bbox 1993 1310 2050 1376; x_wconf 82' lang='lat' dir='ltr'><strong>vel</strong></span> 
     </span>
     <span class='ocr_line' id='line_1_10' title="bbox 419 1409 2050 1498; baseline 0.001 -21"><span class='ocrx_word' id='word_1_98' title='bbox 419 1412 490 1478; x_wconf 85' lang='lat' dir='ltr'><strong>icco</strong></span> <span class='ocrx_word' id='word_1_99' title='bbox 518 1412 570 1478; x_wconf 88' lang='lat' dir='ltr'><strong>vel</strong></span> <span class='ocrx_word' id='word_1_100' title='bbox 604 1413 733 1478; x_wconf 90' lang='lat' dir='ltr'><strong>lectulo.</strong></span> <span class='ocrx_word' id='word_1_101' title='bbox 780 1411 829 1476; x_wconf 92' lang='lat' dir='ltr'><strong>De</strong></span> <span class='ocrx_word' id='word_1_102' title='bbox 860 1431 924 1494; x_wconf 91' lang='lat' dir='ltr'><strong>qua</strong></span> <span class='ocrx_word' id='word_1_103' title='bbox 952 1409 1022 1493; x_wconf 89' lang='lat' dir='ltr'><strong>regi</strong></span> <span class='ocrx_word' id='word_1_104' title='bbox 1050 1410 1217 1476; x_wconf 90' lang='lat' dir='ltr'><strong>dicebatur</strong></span> <span class='ocrx_word' id='word_1_105' title='bbox 1244 1410 1365 1477; x_wconf 88' lang='lat' dir='ltr'><strong>habere</strong></span> <span class='ocrx_word' id='word_1_106' title='bbox 1387 1429 1423 1476; x_wconf 92' lang='lat' dir='ltr'><strong>se</strong></span> <span class='ocrx_word' id='word_1_107' title='bbox 1445 1410 1550 1496; x_wconf 91' lang='lat' dir='ltr'><strong>potius</strong></span> <span class='ocrx_word' id='word_1_108' title='bbox 1572 1412 1714 1495; x_wconf 89' lang='lat' dir='ltr'><strong>iugalem</strong></span> <span class='ocrx_word' id='word_1_109' title='bbox 1737 1414 1927 1479; x_wconf 86' lang='lat' dir='ltr'><strong>monacham</strong></span> <span class='ocrx_word' id='word_1_110' title='bbox 1948 1435 2050 1498; x_wconf 90' lang='lat' dir='ltr'><strong>qnam</strong></span> 
     </span>
     <span class='ocr_line' id='line_1_11' title="bbox 418 1513 2104 1602; baseline 0.003 -20"><span class='ocrx_word' id='word_1_111' title='bbox 418 1516 574 1600; x_wconf 85' lang='lat' dir='ltr'><strong>reginam.</strong></span> <span class='ocrx_word' id='word_1_112' title='bbox 614 1517 707 1582; x_wconf 88' lang='lat' dir='ltr'><strong>Vnde</strong></span> <span class='ocrx_word' id='word_1_113' title='bbox 730 1515 854 1600; x_wconf 87' lang='lat' dir='ltr'><strong>etipse</strong></span> <span class='ocrx_word' id='word_1_114' title='bbox 876 1513 1024 1580; x_wconf 85' lang='lat' dir='ltr'><strong>inritatus</strong></span> <span class='ocrx_word' id='word_1_115' title='bbox 1047 1534 1105 1599; x_wconf 89' lang='lat' dir='ltr'><strong>pro</strong></span> <span class='ocrx_word' id='word_1_116' title='bbox 1127 1513 1219 1580; x_wconf 91' lang='lat' dir='ltr'><strong>bonis</strong></span> <span class='ocrx_word' id='word_1_117' title='bbox 1243 1520 1312 1580; x_wconf 90' lang='lat' dir='ltr'><strong>erat</strong></span> <span class='ocrx_word' id='word_1_118' title='bbox 1333 1513 1540 1600; x_wconf 84' lang='lat' dir='ltr'><strong>aspenimus,</strong></span> <span class='ocrx_word' id='word_1_119' title='bbox 1567 1515 1626 1581; x_wconf 91' lang='lat' dir='ltr'><strong>sed</strong></span> <span class='ocrx_word' id='word_1_120' title='bbox 1648 1516 1707 1581; x_wconf 88' lang='lat' dir='ltr'><strong>illa</strong></span> <span class='ocrx_word' id='word_1_121' title='bbox 1727 1536 1785 1600; x_wconf 92' lang='lat' dir='ltr'><strong>pro</strong></span> <span class='ocrx_word' id='word_1_122' title='bbox 1800 1523 1891 1602; x_wconf 83' lang='lat' dir='ltr'><strong>parte</strong></span> <span class='ocrx_word' id='word_1_123' title='bbox 1906 1517 2044 1601; x_wconf 91' lang='lat' dir='ltr'><strong>leniens,</strong></span> <span class='ocrx_word' id='word_1_124' title='bbox 2073 1545 2104 1587; x_wconf 79' lang='lat' dir='ltr'><strong>re</strong></span> 
     </span>
     <span class='ocr_line' id='line_1_12' title="bbox 418 1617 1400 1706; baseline -0.004 -20"><span class='ocrx_word' id='word_1_125' title='bbox 418 1640 476 1706; x_wconf 91' lang='lat' dir='ltr'><strong>pro</strong></span> <span class='ocrx_word' id='word_1_126' title='bbox 498 1626 588 1705; x_wconf 89' lang='lat' dir='ltr'><strong>parte</strong></span> <span class='ocrx_word' id='word_1_127' title='bbox 610 1618 769 1685; x_wconf 89' lang='lat' dir='ltr'><strong>tolerabat</strong></span> <span class='ocrx_word' id='word_1_128' title='bbox 791 1617 935 1684; x_wconf 89' lang='lat' dir='ltr'><strong>modeste</strong></span> <span class='ocrx_word' id='word_1_129' title='bbox 957 1617 1046 1683; x_wconf 85' lang='lat' dir='ltr'><strong>rixas</strong></span> <span class='ocrx_word' id='word_1_130' title='bbox 1067 1617 1187 1683; x_wconf 89' lang='lat' dir='ltr'><strong>inlatas</strong></span> <span class='ocrx_word' id='word_1_131' title='bbox 1210 1638 1231 1685; x_wconf 90' lang='lat' dir='ltr'><strong>a</strong></span> <span class='ocrx_word' id='word_1_132' title='bbox 1253 1617 1400 1701; x_wconf 89' lang='lat' dir='ltr'><strong>coniuge.</strong></span> 
     </span>
    </p>

    <p class='ocr_par' dir='ltr' id='par_1_4' title="bbox 354 1719 2103 2222">
     <span class='ocr_line' id='line_1_13' title="bbox 354 1719 2051 1808; baseline -0.001 -16"><span class='ocrx_word' id='word_1_133' title='bbox 354 1724 398 1792; x_wconf 89' lang='lat' dir='ltr'><strong>Vl</strong></span> <span class='ocrx_word' id='word_1_134' title='bbox 512 1724 574 1807; x_wconf 80' lang='grc'><strong>[16)</strong></span> <span class='ocrx_word' id='word_1_135' title='bbox 601 1722 725 1789; x_wconf 89' lang='lat' dir='ltr'><strong>Diebus</strong></span> <span class='ocrx_word' id='word_1_136' title='bbox 755 1742 830 1787; x_wconf 86' lang='lat' dir='ltr'><strong>vero</strong></span> <span class='ocrx_word' id='word_1_137' title='bbox 862 1720 1131 1805; x_wconf 86' lang='lat' dir='ltr'><strong>quadragesimae</strong></span> <span class='ocrx_word' id='word_1_138' title='bbox 1161 1721 1240 1787; x_wconf 86' lang='lat' dir='ltr'><strong>satis</strong></span> <span class='ocrx_word' id='word_1_139' title='bbox 1270 1727 1320 1787; x_wconf 91' lang='lat' dir='ltr'><strong>est</strong></span> <span class='ocrx_word' id='word_1_140' title='bbox 1349 1720 1430 1787; x_wconf 88' lang='lat' dir='ltr'><strong>seire</strong></span> <span class='ocrx_word' id='word_1_141' title='bbox 1460 1719 1601 1803; x_wconf 89' lang='lat' dir='ltr'><strong>qualiter</strong></span> <span class='ocrx_word' id='word_1_142' title='bbox 1630 1742 1665 1788; x_wconf 93' lang='lat' dir='ltr'><strong>se</strong></span> <span class='ocrx_word' id='word_1_143' title='bbox 1695 1721 1812 1808; x_wconf 88' lang='lat' dir='ltr'><strong>retegit</strong></span> <span class='ocrx_word' id='word_1_144' title='bbox 1836 1723 1919 1789; x_wconf 89' lang='lat' dir='ltr'><strong>inter</strong></span> <span class='ocrx_word' id='word_1_145' title='bbox 1939 1731 2051 1790; x_wconf 86' lang='lat' dir='ltr'><strong>vestes</strong></span> 
     </span>
     <span class='ocr_line' id='line_1_14' title="bbox 419 1824 2052 1912; baseline 0.001 -19"><span class='ocrx_word' id='word_1_146' title='bbox 419 1825 528 1911; x_wconf 86' lang='lat' dir='ltr'><strong>regias</strong></span> <span class='ocrx_word' id='word_1_147' title='bbox 559 1825 767 1910; x_wconf 85' lang='lat' dir='ltr'><strong>singulariter</strong></span> <span class='ocrx_word' id='word_1_148' title='bbox 796 1825 975 1911; x_wconf 89' lang='lat' dir='ltr'><strong>paenitens.</strong></span> <span class='ocrx_word' id='word_1_149' title='bbox 1023 1825 1126 1910; x_wconf 86' lang='lat' dir='ltr'><strong>Igitur</strong></span> <span class='ocrx_word' id='word_1_150' title='bbox 1154 1824 1432 1910; x_wconf 86' lang='lat' dir='ltr'><strong>adpropinquante</strong></span> <span class='ocrx_word' id='word_1_151' title='bbox 1458 1824 1571 1891; x_wconf 91' lang='lat' dir='ltr'><strong>ieiunii</strong></span> <span class='ocrx_word' id='word_1_152' title='bbox 1594 1832 1736 1912; x_wconf 90' lang='lat' dir='ltr'><strong>tempore</strong></span> <span class='ocrx_word' id='word_1_153' title='bbox 1758 1827 1886 1894; x_wconf 87' lang='lat' dir='ltr'><strong>mittens</strong></span> <span class='ocrx_word' id='word_1_154' title='bbox 1907 1828 1951 1894; x_wconf 91' lang='lat' dir='ltr'><strong>ad</strong></span> <span class='ocrx_word' id='word_1_155' title='bbox 1972 1829 2052 1894; x_wconf 91' lang='lat' dir='ltr'><strong>reli-</strong></span> 
     </span>
     <span class='ocr_line' id='line_1_15' title="bbox 420 1927 2052 2014; baseline 0 -18"><span class='ocrx_word' id='word_1_156' title='bbox 420 1928 544 2014; x_wconf 89' lang='lat' dir='ltr'><strong>giosam</strong></span> <span class='ocrx_word' id='word_1_157' title='bbox 567 1929 657 1995; x_wconf 92' lang='lat' dir='ltr'><strong>Piam</strong></span> <span class='ocrx_word' id='word_1_158' title='bbox 680 1928 808 1995; x_wconf 89' lang='lat' dir='ltr'><strong>nomine</strong></span> <span class='ocrx_word' id='word_1_159' title='bbox 831 1929 1038 2011; x_wconf 89' lang='lat' dir='ltr'><strong>monacham,</strong></span> <span class='ocrx_word' id='word_1_160' title='bbox 1066 1928 1117 1995; x_wconf 91' lang='lat' dir='ltr'><strong>cni</strong></span> <span class='ocrx_word' id='word_1_161' title='bbox 1140 1934 1250 1994; x_wconf 89' lang='lat' dir='ltr'><strong>sancto</strong></span> <span class='ocrx_word' id='word_1_162' title='bbox 1272 1928 1434 2014; x_wconf 90' lang='lat' dir='ltr'><strong>proposito</strong></span> <span class='ocrx_word' id='word_1_163' title='bbox 1456 1927 1516 1995; x_wconf 91' lang='lat' dir='ltr'><strong>illa</strong></span> <span class='ocrx_word' id='word_1_164' title='bbox 1537 1927 1699 2012; x_wconf 88' lang='lat' dir='ltr'><strong>dirigebat</strong></span> <span class='ocrx_word' id='word_1_165' title='bbox 1719 1939 1910 1997; x_wconf 87' lang='lat' dir='ltr'><strong>veneranter</strong></span> <span class='ocrx_word' id='word_1_166' title='bbox 1930 1931 1963 1996; x_wconf 91' lang='lat' dir='ltr'><strong>in</strong></span> <span class='ocrx_word' id='word_1_167' title='bbox 1985 1932 2052 1997; x_wconf 92' lang='lat' dir='ltr'><strong>lin·</strong></span> 
     </span>
     <span class='ocr_line' id='line_1_16' title="bbox 418 2031 2103 2118; baseline 0.001 -17"><span class='ocrx_word' id='word_1_168' title='bbox 418 2041 471 2101; x_wconf 85' lang='lat' dir='ltr'><strong>teo</strong></span> <span class='ocrx_word' id='word_1_169' title='bbox 498 2033 675 2118; x_wconf 89' lang='lat' dir='ltr'><strong>sigillatum</strong></span> <span class='ocrx_word' id='word_1_170' title='bbox 704 2032 860 2099; x_wconf 91' lang='lat' dir='ltr'><strong>cilicium:</strong></span> <span class='ocrx_word' id='word_1_171' title='bbox 894 2032 980 2116; x_wconf 92' lang='lat' dir='ltr'><strong>quod</strong></span> <span class='ocrx_word' id='word_1_172' title='bbox 1012 2037 1124 2100; x_wconf 90' lang='lat' dir='ltr'><strong>sancta</strong></span> <span class='ocrx_word' id='word_1_173' title='bbox 1153 2031 1292 2098; x_wconf 90' lang='lat' dir='ltr'><strong>induens</strong></span> <span class='ocrx_word' id='word_1_174' title='bbox 1321 2031 1364 2097; x_wconf 88' lang='lat' dir='ltr'><strong>ad</strong></span> <span class='ocrx_word' id='word_1_175' title='bbox 1394 2051 1528 2117; x_wconf 87' lang='lat' dir='ltr'><strong>corpus,</strong></span> <span class='ocrx_word' id='word_1_176' title='bbox 1564 2052 1621 2116; x_wconf 96' lang='grc' dir='ltr'>ρετ</span> <span class='ocrx_word' id='word_1_177' title='bbox 1645 2040 1743 2100; x_wconf 90' lang='lat' dir='ltr'><strong>totam</strong></span> <span class='ocrx_word' id='word_1_178' title='bbox 1765 2034 2048 2118; x_wconf 86' lang='lat' dir='ltr'><strong>quadragesimam</strong></span> <span class='ocrx_word' id='word_1_179' title='bbox 2072 2064 2103 2103; x_wconf 76' lang='grc' dir='ltr'>τε</span> 
     </span>
     <span class='ocr_line' id='line_1_17' title="bbox 420 2134 2050 2222; baseline -0.001 -18"><span class='ocrx_word' id='word_1_180' title='bbox 420 2139 530 2206; x_wconf 89' lang='lat' dir='ltr'><strong>subter</strong></span> <span class='ocrx_word' id='word_1_181' title='bbox 555 2143 678 2204; x_wconf 88' lang='lat' dir='ltr'><strong>vestem</strong></span> <span class='ocrx_word' id='word_1_182' title='bbox 706 2136 829 2221; x_wconf 86' lang='lat' dir='ltr'><strong>regiam</strong></span> <span class='ocrx_word' id='word_1_183' title='bbox 859 2135 953 2202; x_wconf 84' lang='lat' dir='ltr'><strong>dulae</strong></span> <span class='ocrx_word' id='word_1_184' title='bbox 981 2136 1130 2221; x_wconf 89' lang='lat' dir='ltr'><strong>portabat</strong></span> <span class='ocrx_word' id='word_1_185' title='bbox 1157 2136 1191 2200; x_wconf 92' lang='lat' dir='ltr'><strong>in</strong></span> <span class='ocrx_word' id='word_1_186' title='bbox 1221 2134 1358 2201; x_wconf 89' lang='lat' dir='ltr'><strong>sarcina.</strong></span> <span class='ocrx_word' id='word_1_187' title='bbox 1405 2135 1592 2201; x_wconf 84' lang='lat' dir='ltr'><strong>Transactis</strong></span> <span class='ocrx_word' id='word_1_188' title='bbox 1615 2135 1729 2201; x_wconf 92' lang='lat' dir='ltr'><strong>diebus</strong></span> <span class='ocrx_word' id='word_1_189' title='bbox 1752 2137 1900 2204; x_wconf 89' lang='lat' dir='ltr'><strong>similiter</strong></span> <span class='ocrx_word' id='word_1_190' title='bbox 1921 2139 2050 2222; x_wconf 88' lang='lat' dir='ltr'><strong>sigilla-</strong></span> 
     </span>
    </p>

    <p class='ocr_par' dir='ltr' id='par_1_5' title="bbox 366 2236 2102 2622">
     <span class='ocr_line' id='line_1_18' title="bbox 366 2236 2049 2325; baseline 0 -17"><span class='ocrx_word' id='word_1_191' title='bbox 366 2282 368 2287; x_wconf 92' lang='lat'><em>·</em></span> <span class='ocrx_word' id='word_1_192' title='bbox 419 2248 488 2308; x_wconf 89' lang='lat' dir='ltr'><strong>tum</strong></span> <span class='ocrx_word' id='word_1_193' title='bbox 517 2241 788 2307; x_wconf 85' lang='lat' dir='ltr'><strong>retransmittebat</strong></span> <span class='ocrx_word' id='word_1_194' title='bbox 817 2238 968 2306; x_wconf 90' lang='lat' dir='ltr'><strong>cilicium.</strong></span> <span class='ocrx_word' id='word_1_195' title='bbox 1021 2239 1082 2323; x_wconf 83' lang='lat'>(17)</span> <span class='ocrx_word' id='word_1_196' title='bbox 1110 2238 1168 2303; x_wconf 88' lang='lat' dir='ltr'><strong>Sin</strong></span> <span class='ocrx_word' id='word_1_197' title='bbox 1197 2244 1305 2304; x_wconf 86' lang='lat' dir='ltr'><strong>antem</strong></span> <span class='ocrx_word' id='word_1_198' title='bbox 1334 2257 1392 2304; x_wconf 89' lang='lat' dir='ltr'><strong>rex</strong></span> <span class='ocrx_word' id='word_1_199' title='bbox 1421 2236 1568 2320; x_wconf 90' lang='lat' dir='ltr'><strong>deesset,</strong></span> <span class='ocrx_word' id='word_1_200' title='bbox 1603 2240 1674 2321; x_wconf 90' lang='lat' dir='ltr'><strong>qnia</strong></span> <span class='ocrx_word' id='word_1_201' title='bbox 1704 2241 1815 2307; x_wconf 86' lang='lat' dir='ltr'><strong>credat</strong></span> <span class='ocrx_word' id='word_1_202' title='bbox 1843 2241 1984 2325; x_wconf 88' lang='lat' dir='ltr'><strong>qualiter</strong></span> <span class='ocrx_word' id='word_1_203' title='bbox 2012 2261 2049 2308; x_wconf 93' lang='lat' dir='ltr'><strong>se</strong></span> 
     </span>
     <span class='ocr_line' id='line_1_19' title="bbox 421 2341 2050 2428; baseline 0 -18"><span class='ocrx_word' id='word_1_204' title='bbox 421 2343 556 2411; x_wconf 90' lang='lat' dir='ltr'><strong>orationi</strong></span> <span class='ocrx_word' id='word_1_205' title='bbox 579 2343 789 2427; x_wconf 83' lang='lat' dir='ltr'><strong>defunderet,</strong></span> <span class='ocrx_word' id='word_1_206' title='bbox 821 2342 960 2427; x_wconf 86' lang='lat' dir='ltr'><strong>qualiter</strong></span> <span class='ocrx_word' id='word_1_207' title='bbox 982 2362 1018 2408; x_wconf 90' lang='lat' dir='ltr'><strong>se</strong></span> <span class='ocrx_word' id='word_1_208' title='bbox 1041 2348 1204 2425; x_wconf 90' lang='lat' dir='ltr'><strong>tamquam</strong></span> <span class='ocrx_word' id='word_1_209' title='bbox 1227 2341 1406 2426; x_wconf 89' lang='lat' dir='ltr'><strong>praesentis</strong></span> <span class='ocrx_word' id='word_1_210' title='bbox 1428 2341 1549 2407; x_wconf 79' lang='lat' dir='ltr'><strong>Christi</strong></span> <span class='ocrx_word' id='word_1_211' title='bbox 1570 2341 1708 2427; x_wconf 90' lang='lat' dir='ltr'><strong>pedibus</strong></span> <span class='ocrx_word' id='word_1_212' title='bbox 1730 2344 1882 2428; x_wconf 89' lang='lat' dir='ltr'><strong>alligaret</strong></span> <span class='ocrx_word' id='word_1_213' title='bbox 1903 2351 1936 2410; x_wconf 91' lang='lat' dir='ltr'><strong>et</strong></span> <span class='ocrx_word' id='word_1_214' title='bbox 1956 2344 2050 2428; x_wconf 91' lang='lat' dir='ltr'><strong>qnasi</strong></span> 
     </span>
     <span class='ocr_line' id='line_1_20' title="bbox 421 2444 2051 2533; baseline 0 -20"><span class='ocrx_word' id='word_1_215' title='bbox 421 2449 545 2533; x_wconf 90' lang='lat' dir='ltr'><strong>repleta</strong></span> <span class='ocrx_word' id='word_1_216' title='bbox 573 2446 699 2514; x_wconf 89' lang='lat' dir='ltr'><strong>deliciis</strong></span> <span class='ocrx_word' id='word_1_217' title='bbox 727 2446 774 2512; x_wconf 92' lang='lat' dir='ltr'><strong>sio</strong></span> <span class='ocrx_word' id='word_1_218' title='bbox 803 2447 900 2531; x_wconf 89' lang='lat' dir='ltr'><strong>longo</strong></span> <span class='ocrx_word' id='word_1_219' title='bbox 928 2445 1049 2512; x_wconf 89' lang='lat' dir='ltr'><strong>ieiunio</strong></span> <span class='ocrx_word' id='word_1_220' title='bbox 1080 2445 1250 2511; x_wconf 88' lang='lat' dir='ltr'><strong>satiaretur</strong></span> <span class='ocrx_word' id='word_1_221' title='bbox 1283 2444 1317 2510; x_wconf 91' lang='lat' dir='ltr'><strong>in</strong></span> <span class='ocrx_word' id='word_1_222' title='bbox 1338 2444 1501 2511; x_wconf 69' lang='lat' dir='ltr'><strong>lacrimis?</strong></span> <span class='ocrx_word' id='word_1_223' title='bbox 1544 2444 1604 2511; x_wconf 81' lang='lat' dir='ltr'><strong>Cui</strong></span> <span class='ocrx_word' id='word_1_224' title='bbox 1626 2446 1777 2533; x_wconf 91' lang='lat' dir='ltr'><strong>despecto</strong></span> <span class='ocrx_word' id='word_1_225' title='bbox 1799 2448 1920 2514; x_wconf 84' lang='lat' dir='ltr'><strong>ventris</strong></span> <span class='ocrx_word' id='word_1_226' title='bbox 1942 2448 2051 2514; x_wconf 90' lang='lat' dir='ltr'><strong>edulio</strong></span> 
     </span>
     <span class='ocr_line' id='line_1_21' title="bbox 421 2548 2102 2622; baseline -0.004 -4"><span class='ocrx_word' id='word_1_227' title='bbox 421 2551 567 2618; x_wconf 80' lang='lat' dir='ltr'><strong>Christus</strong></span> <span class='ocrx_word' id='word_1_228' title='bbox 588 2557 656 2618; x_wconf 86' lang='lat' dir='ltr'><strong>tota</strong></span> <span class='ocrx_word' id='word_1_229' title='bbox 678 2550 810 2617; x_wconf 85' lang='lat' dir='ltr'><strong>resectio</strong></span> <span class='ocrx_word' id='word_1_230' title='bbox 833 2556 865 2616; x_wconf 90' lang='lat' dir='ltr'><strong>et</strong></span> <span class='ocrx_word' id='word_1_231' title='bbox 886 2556 954 2616; x_wconf 87' lang='lat' dir='ltr'><strong>tota</strong></span> <span class='ocrx_word' id='word_1_232' title='bbox 977 2549 1081 2616; x_wconf 84' lang='lat' dir='ltr'><strong>fames</strong></span> <span class='ocrx_word' id='word_1_233' title='bbox 1104 2556 1174 2616; x_wconf 90' lang='lat' dir='ltr'><strong>erat</strong></span> <span class='ocrx_word' id='word_1_234' title='bbox 1195 2548 1230 2615; x_wconf 93' lang='lat' dir='ltr'><strong>in</strong></span> <span class='ocrx_word' id='word_1_235' title='bbox 1252 2548 1390 2615; x_wconf 84' lang='lat' dir='ltr'><strong>Christo.</strong></span> <span class='ocrx_word' id='word_1_236' title='bbox 2070 2579 2102 2622; x_wconf 77' lang='lat'><strong>20</strong></span> 
     </span>
    </p>

    <p class='ocr_par' dir='ltr' id='par_1_6' title="bbox 338 2651 2102 3153">
     <span class='ocr_line' id='line_1_22' title="bbox 338 2651 2051 2739; baseline -0.002 -15"><span class='ocrx_word' id='word_1_237' title='bbox 338 2658 398 2724; x_wconf 87' lang='lat' dir='ltr'><strong>VII</strong></span> <span class='ocrx_word' id='word_1_238' title='bbox 512 2656 572 2739; x_wconf 87' lang='lat'>(18)</span> <span class='ocrx_word' id='word_1_239' title='bbox 600 2654 687 2720; x_wconf 93' lang='lat' dir='ltr'><strong>Illud</strong></span> <span class='ocrx_word' id='word_1_240' title='bbox 717 2675 781 2738; x_wconf 88' lang='lat' dir='ltr'><strong>qna</strong></span> <span class='ocrx_word' id='word_1_241' title='bbox 810 2653 931 2739; x_wconf 87' lang='lat' dir='ltr'><strong>pietate</strong></span> <span class='ocrx_word' id='word_1_242' title='bbox 958 2654 1136 2738; x_wconf 84' lang='lat' dir='ltr'><strong>peragebat</strong></span> <span class='ocrx_word' id='word_1_243' title='bbox 1158 2651 1313 2734; x_wconf 90' lang='lat' dir='ltr'><strong>sollicita,</strong></span> <span class='ocrx_word' id='word_1_244' title='bbox 1348 2659 1384 2718; x_wconf 88' lang='lat' dir='ltr'><strong>ut</strong></span> <span class='ocrx_word' id='word_1_245' title='bbox 1405 2672 1488 2737; x_wconf 90' lang='lat' dir='ltr'><strong>quae</strong></span> <span class='ocrx_word' id='word_1_246' title='bbox 1510 2674 1568 2738; x_wconf 89' lang='lat' dir='ltr'><strong>per</strong></span> <span class='ocrx_word' id='word_1_247' title='bbox 1589 2653 1726 2719; x_wconf 88' lang='lat' dir='ltr'><strong>oratoria</strong></span> <span class='ocrx_word' id='word_1_248' title='bbox 1746 2655 1798 2719; x_wconf 87' lang='lat' dir='ltr'><strong>vel</strong></span> <span class='ocrx_word' id='word_1_249' title='bbox 1821 2655 1893 2721; x_wconf 89' lang='lat' dir='ltr'><strong>loca</strong></span> <span class='ocrx_word' id='word_1_250' title='bbox 1913 2675 2051 2721; x_wconf 83' lang='lat' dir='ltr'><strong>venera-</strong></span> 
     </span>
     <span class='ocr_line' id='line_1_23' title="bbox 420 2754 2050 2843; baseline -0.001 -19"><span class='ocrx_word' id='word_1_251' title='bbox 420 2758 502 2825; x_wconf 88' lang='lat' dir='ltr'><strong>bilia</strong></span> <span class='ocrx_word' id='word_1_252' title='bbox 529 2765 596 2826; x_wconf 90' lang='lat' dir='ltr'><strong>tota</strong></span> <span class='ocrx_word' id='word_1_253' title='bbox 624 2766 718 2825; x_wconf 87' lang='lat' dir='ltr'><strong>nocte</strong></span> <span class='ocrx_word' id='word_1_254' title='bbox 747 2758 950 2843; x_wconf 88' lang='lat' dir='ltr'><strong>perlucerent</strong></span> <span class='ocrx_word' id='word_1_255' title='bbox 978 2757 1133 2824; x_wconf 90' lang='lat' dir='ltr'><strong>candelas</strong></span> <span class='ocrx_word' id='word_1_256' title='bbox 1165 2755 1233 2823; x_wconf 92' lang='lat' dir='ltr'><strong>suis</strong></span> <span class='ocrx_word' id='word_1_257' title='bbox 1255 2755 1403 2821; x_wconf 89' lang='lat' dir='ltr'><strong>manibus</strong></span> <span class='ocrx_word' id='word_1_258' title='bbox 1426 2755 1530 2822; x_wconf 85' lang='lat' dir='ltr'><strong>factas</strong></span> <span class='ocrx_word' id='word_1_259' title='bbox 1551 2754 1671 2840; x_wconf 89' lang='lat' dir='ltr'><strong>iugiter</strong></span> <span class='ocrx_word' id='word_1_260' title='bbox 1692 2756 1914 2823; x_wconf 71' lang='lat' dir='ltr'><strong>ministrabat?</strong></span> <span class='ocrx_word' id='word_1_261' title='bbox 1956 2758 2050 2823; x_wconf 91' lang='lat' dir='ltr'><strong>Vnde</strong></span> 
     </span>
     <span class='ocr_line' id='line_1_24' title="bbox 422 2859 2052 2944; baseline -0.001 -16"><span class='ocrx_word' id='word_1_262' title='bbox 422 2861 501 2928; x_wconf 91' lang='lat' dir='ltr'><strong>bora</strong></span> <span class='ocrx_word' id='word_1_263' title='bbox 529 2862 670 2928; x_wconf 89' lang='lat' dir='ltr'><strong>serotina</strong></span> <span class='ocrx_word' id='word_1_264' title='bbox 697 2862 774 2928; x_wconf 90' lang='lat' dir='ltr'><strong>dnm</strong></span> <span class='ocrx_word' id='word_1_265' title='bbox 803 2861 834 2927; x_wconf 88' lang='lat' dir='ltr'><strong>ei</strong></span> <span class='ocrx_word' id='word_1_266' title='bbox 863 2861 1066 2927; x_wconf 90' lang='lat' dir='ltr'><strong>nuntiaretur</strong></span> <span class='ocrx_word' id='word_1_267' title='bbox 1091 2859 1199 2941; x_wconf 88' lang='lat' dir='ltr'><strong>tarda,</strong></span> <span class='ocrx_word' id='word_1_268' title='bbox 1233 2859 1320 2943; x_wconf 92' lang='lat' dir='ltr'><strong>qnod</strong></span> <span class='ocrx_word' id='word_1_269' title='bbox 1342 2880 1414 2927; x_wconf 90' lang='lat' dir='ltr'><strong>eam</strong></span> <span class='ocrx_word' id='word_1_270' title='bbox 1435 2859 1479 2924; x_wconf 88' lang='lat' dir='ltr'><strong>ad</strong></span> <span class='ocrx_word' id='word_1_271' title='bbox 1500 2878 1644 2926; x_wconf 91' lang='lat' dir='ltr'><strong>mensam</strong></span> <span class='ocrx_word' id='word_1_272' title='bbox 1667 2881 1725 2926; x_wconf 88' lang='lat' dir='ltr'><strong>rex</strong></span> <span class='ocrx_word' id='word_1_273' title='bbox 1746 2867 1931 2944; x_wconf 87' lang='lat' dir='ltr'><strong>quaereret,</strong></span> <span class='ocrx_word' id='word_1_274' title='bbox 1964 2861 2052 2927; x_wconf 90' lang='lat' dir='ltr'><strong>circa</strong></span> 
     </span>
     <span class='ocr_line' id='line_1_25' title="bbox 422 2962 2052 3050; baseline -0.001 -19"><span class='ocrx_word' id='word_1_275' title='bbox 422 2985 474 3031; x_wconf 93' lang='lat' dir='ltr'><strong>res</strong></span> <span class='ocrx_word' id='word_1_276' title='bbox 503 2964 557 3031; x_wconf 91' lang='lat' dir='ltr'><strong>dei</strong></span> <span class='ocrx_word' id='word_1_277' title='bbox 588 2964 665 3031; x_wconf 92' lang='lat' dir='ltr'><strong>dum</strong></span> <span class='ocrx_word' id='word_1_278' title='bbox 695 2965 866 3048; x_wconf 89' lang='lat' dir='ltr'><strong>satagebat</strong></span> <span class='ocrx_word' id='word_1_279' title='bbox 895 2964 983 3029; x_wconf 86' lang='lat' dir='ltr'><strong>rixas</strong></span> <span class='ocrx_word' id='word_1_280' title='bbox 1005 2963 1147 3030; x_wconf 86' lang='lat' dir='ltr'><strong>habebat</strong></span> <span class='ocrx_word' id='word_1_281' title='bbox 1168 2983 1189 3028; x_wconf 88' lang='lat' dir='ltr'><strong>a</strong></span> <span class='ocrx_word' id='word_1_282' title='bbox 1211 2962 1364 3047; x_wconf 87' lang='lat' dir='ltr'><strong>coniuge,</strong></span> <span class='ocrx_word' id='word_1_283' title='bbox 1396 2962 1443 3028; x_wconf 91' lang='lat' dir='ltr'><strong>ita</strong></span> <span class='ocrx_word' id='word_1_284' title='bbox 1464 2969 1500 3029; x_wconf 91' lang='lat' dir='ltr'><strong>nt</strong></span> <span class='ocrx_word' id='word_1_285' title='bbox 1520 2962 1644 3029; x_wconf 87' lang='lat' dir='ltr'><strong>vicibus</strong></span> <span class='ocrx_word' id='word_1_286' title='bbox 1667 2963 1816 3050; x_wconf 87' lang='lat' dir='ltr'><strong>princeps</strong></span> <span class='ocrx_word' id='word_1_287' title='bbox 1839 2985 1896 3050; x_wconf 90' lang='grc' dir='ltr'>ρετ</span> <span class='ocrx_word' id='word_1_288' title='bbox 1918 2984 2052 3030; x_wconf 90' lang='lat' dir='ltr'><strong>munera</strong></span> 
     </span>
     <span class='ocr_line' id='line_1_26' title="bbox 423 3066 2102 3153; baseline 0.002 -18"><span class='ocrx_word' id='word_1_289' title='bbox 423 3066 627 3135; x_wconf 87' lang='lat' dir='ltr'><strong>satisfaceret</strong></span> <span class='ocrx_word' id='word_1_290' title='bbox 647 3068 732 3152; x_wconf 91' lang='lat' dir='ltr'><strong>qnod</strong></span> <span class='ocrx_word' id='word_1_291' title='bbox 755 3068 785 3134; x_wconf 92' lang='lat' dir='ltr'><strong>ei</strong></span> <span class='ocrx_word' id='word_1_292' title='bbox 808 3088 867 3153; x_wconf 91' lang='lat' dir='ltr'><strong>per</strong></span> <span class='ocrx_word' id='word_1_293' title='bbox 888 3067 1032 3151; x_wconf 86' lang='lat' dir='ltr'><strong>linguam</strong></span> <span class='ocrx_word' id='word_1_294' title='bbox 1056 3073 1233 3152; x_wconf 89' lang='lat' dir='ltr'><strong>peccasset.</strong></span> <span class='ocrx_word' id='word_1_295' title='bbox 1494 3081 1498 3087; x_wconf 87' lang='grc'><em>·</em></span> <span class='ocrx_word' id='word_1_296' title='bbox 2070 3095 2102 3138; x_wconf 79' lang='lat' dir='ltr'><strong>ar</strong></span> 
     </span>
    </p>

    <p class='ocr_par' dir='ltr' id='par_1_7' title="bbox 323 3168 2102 3983">
     <span class='ocr_line' id='line_1_27' title="bbox 323 3168 2051 3257; baseline -0.004 -14"><span class='ocrx_word' id='word_1_297' title='bbox 323 3176 401 3243; x_wconf 88' lang='lat' dir='ltr'>VIII</span> <span class='ocrx_word' id='word_1_298' title='bbox 514 3175 574 3257; x_wconf 77' lang='lat'><strong>(19)</strong></span> <span class='ocrx_word' id='word_1_299' title='bbox 601 3172 654 3239; x_wconf 83' lang='lat' dir='ltr'><strong>Ad</strong></span> <span class='ocrx_word' id='word_1_300' title='bbox 676 3172 767 3238; x_wconf 90' lang='lat' dir='ltr'><strong>ouius</strong></span> <span class='ocrx_word' id='word_1_301' title='bbox 789 3170 972 3257; x_wconf 88' lang='lat' dir='ltr'><strong>opinionem</strong></span> <span class='ocrx_word' id='word_1_302' title='bbox 995 3170 1117 3254; x_wconf 88' lang='lat' dir='ltr'><strong>siquis</strong></span> <span class='ocrx_word' id='word_1_303' title='bbox 1140 3189 1303 3237; x_wconf 88' lang='lat' dir='ltr'><strong>servorum</strong></span> <span class='ocrx_word' id='word_1_304' title='bbox 1326 3169 1380 3236; x_wconf 91' lang='lat' dir='ltr'><strong>dci</strong></span> <span class='ocrx_word' id='word_1_305' title='bbox 1402 3170 1492 3235; x_wconf 89' lang='lat' dir='ltr'><strong>visus</strong></span> <span class='ocrx_word' id='word_1_306' title='bbox 1514 3168 1629 3236; x_wconf 85' lang='lat' dir='ltr'><strong>suisset</strong></span> <span class='ocrx_word' id='word_1_307' title='bbox 1649 3170 1702 3236; x_wconf 88' lang='lat' dir='ltr'><strong>vel</strong></span> <span class='ocrx_word' id='word_1_308' title='bbox 1725 3190 1783 3256; x_wconf 87' lang='lat' dir='ltr'><strong>per</strong></span> <span class='ocrx_word' id='word_1_309' title='bbox 1800 3190 1836 3236; x_wconf 89' lang='lat' dir='ltr'><strong>se</strong></span> <span class='ocrx_word' id='word_1_310' title='bbox 1851 3172 1903 3236; x_wconf 91' lang='lat' dir='ltr'><strong>vel</strong></span> <span class='ocrx_word' id='word_1_311' title='bbox 1919 3177 2051 3238; x_wconf 89' lang='lat' dir='ltr'><strong>vocatus</strong></span> 
     </span>
     <span class='ocr_line' id='line_1_28' title="bbox 423 3273 2052 3359; baseline -0.001 -18"><span class='ocrx_word' id='word_1_312' title='bbox 423 3294 588 3342; x_wconf 82' lang='lat' dir='ltr'><strong>occanere</strong></span> <span class='ocrx_word' id='word_1_313' title='bbox 617 3274 728 3342; x_wconf 87' lang='lat' dir='ltr'><strong>videre</strong></span> <span class='ocrx_word' id='word_1_314' title='bbox 758 3295 793 3342; x_wconf 90' lang='lat' dir='ltr'><strong>se</strong></span> <span class='ocrx_word' id='word_1_315' title='bbox 815 3275 923 3359; x_wconf 91' lang='lat' dir='ltr'><strong>illam,</strong></span> <span class='ocrx_word' id='word_1_316' title='bbox 958 3274 1131 3341; x_wconf 89' lang='lat' dir='ltr'><strong>caelestem</strong></span> <span class='ocrx_word' id='word_1_317' title='bbox 1154 3293 1190 3341; x_wconf 92' lang='lat' dir='ltr'><strong>se</strong></span> <span class='ocrx_word' id='word_1_318' title='bbox 1212 3275 1346 3359; x_wconf 89' lang='lat' dir='ltr'><strong>putabat</strong></span> <span class='ocrx_word' id='word_1_319' title='bbox 1368 3274 1487 3342; x_wconf 87' lang='lat' dir='ltr'><strong>babere</strong></span> <span class='ocrx_word' id='word_1_320' title='bbox 1509 3273 1685 3353; x_wconf 90' lang='lat' dir='ltr'><strong>laetitiam,</strong></span> <span class='ocrx_word' id='word_1_321' title='bbox 1719 3280 1752 3340; x_wconf 88' lang='lat' dir='ltr'><strong>at</strong></span> <span class='ocrx_word' id='word_1_322' title='bbox 1772 3273 1852 3338; x_wconf 88' lang='lat' dir='ltr'><strong>hora</strong></span> <span class='ocrx_word' id='word_1_323' title='bbox 1873 3275 1976 3340; x_wconf 86' lang='lat' dir='ltr'><strong>noctis</strong></span> <span class='ocrx_word' id='word_1_324' title='bbox 1999 3296 2052 3340; x_wconf 91' lang='lat' dir='ltr'><strong>re-</strong></span> 
     </span>
     <span class='ocr_line' id='line_1_29' title="bbox 423 3376 2050 3466; baseline -0.001 -21"><span class='ocrx_word' id='word_1_325' title='bbox 423 3398 517 3446; x_wconf 89' lang='lat' dir='ltr'><strong>cursa</strong></span> <span class='ocrx_word' id='word_1_326' title='bbox 538 3399 610 3445; x_wconf 91' lang='lat' dir='ltr'><strong>cum</strong></span> <span class='ocrx_word' id='word_1_327' title='bbox 632 3379 745 3465; x_wconf 87' lang='lat' dir='ltr'><strong>paucis</strong></span> <span class='ocrx_word' id='word_1_328' title='bbox 766 3397 905 3466; x_wconf 88' lang='lat' dir='ltr'><strong>pergens</strong></span> <span class='ocrx_word' id='word_1_329' title='bbox 928 3385 961 3445; x_wconf 89' lang='lat' dir='ltr'><strong>et</strong></span> <span class='ocrx_word' id='word_1_330' title='bbox 981 3377 1102 3444; x_wconf 89' lang='lat' dir='ltr'><strong>intimis</strong></span> <span class='ocrx_word' id='word_1_331' title='bbox 1124 3398 1182 3462; x_wconf 89' lang='grc' dir='ltr'>ρετ</span> <span class='ocrx_word' id='word_1_332' title='bbox 1203 3376 1320 3459; x_wconf 84' lang='lat' dir='ltr'><strong>nivem,</strong></span> <span class='ocrx_word' id='word_1_333' title='bbox 1348 3378 1450 3444; x_wconf 90' lang='lat' dir='ltr'><strong>lutum</strong></span> <span class='ocrx_word' id='word_1_334' title='bbox 1472 3377 1527 3443; x_wconf 89' lang='lat' dir='ltr'><strong>vel</strong></span> <span class='ocrx_word' id='word_1_335' title='bbox 1550 3377 1727 3462; x_wconf 89' lang='lat' dir='ltr'><strong>pulverem,</strong></span> <span class='ocrx_word' id='word_1_336' title='bbox 1754 3398 1839 3459; x_wconf 90' lang='lat' dir='ltr'><strong>aqua</strong></span> <span class='ocrx_word' id='word_1_337' title='bbox 1861 3378 1968 3443; x_wconf 88' lang='lat' dir='ltr'><strong>calida</strong></span> <span class='ocrx_word' id='word_1_338' title='bbox 1990 3400 2050 3464; x_wconf 91' lang='lat' dir='ltr'><strong>pa-</strong></span> 
     </span>
     <span class='ocr_line' id='line_1_30' title="bbox 423 3480 2051 3567; baseline -0.001 -20"><span class='ocrx_word' id='word_1_339' title='bbox 423 3489 504 3562; x_wconf 86' lang='lat' dir='ltr'><strong>rata,</strong></span> <span class='ocrx_word' id='word_1_340' title='bbox 529 3481 603 3567; x_wconf 89' lang='lat' dir='ltr'><strong>ipsa</strong></span> <span class='ocrx_word' id='word_1_341' title='bbox 624 3482 758 3549; x_wconf 89' lang='lat' dir='ltr'><strong>lavabat</strong></span> <span class='ocrx_word' id='word_1_342' title='bbox 779 3489 812 3548; x_wconf 91' lang='lat' dir='ltr'><strong>et</strong></span> <span class='ocrx_word' id='word_1_343' title='bbox 833 3482 982 3567; x_wconf 87' lang='lat' dir='ltr'><strong>tergebat</strong></span> <span class='ocrx_word' id='word_1_344' title='bbox 1003 3480 1180 3548; x_wconf 89' lang='lat' dir='ltr'><strong>venerandi</strong></span> <span class='ocrx_word' id='word_1_345' title='bbox 1202 3481 1342 3565; x_wconf 84' lang='lat' dir='ltr'><strong>vestigia</strong></span> <span class='ocrx_word' id='word_1_346' title='bbox 1363 3501 1423 3547; x_wconf 89' lang='lat' dir='ltr'><strong>nec</strong></span> <span class='ocrx_word' id='word_1_347' title='bbox 1445 3481 1615 3548; x_wconf 89' lang='lat' dir='ltr'><strong>resistente</strong></span> <span class='ocrx_word' id='word_1_348' title='bbox 1638 3501 1730 3547; x_wconf 87' lang='lat' dir='ltr'><strong>servo</strong></span> <span class='ocrx_word' id='word_1_349' title='bbox 1745 3481 1799 3547; x_wconf 91' lang='lat' dir='ltr'><strong>dei</strong></span> <span class='ocrx_word' id='word_1_350' title='bbox 1814 3488 1846 3547; x_wconf 91' lang='lat' dir='ltr'><strong>et</strong></span> <span class='ocrx_word' id='word_1_351' title='bbox 1860 3481 2051 3567; x_wconf 89' lang='lat' dir='ltr'><strong>propinabat</strong></span> 
     </span>
     <span class='ocr_line' id='line_1_31' title="bbox 423 3584 2102 3671; baseline 0.001 -19"><span class='ocrx_word' id='word_1_352' title='bbox 423 3584 457 3652; x_wconf 91' lang='lat' dir='ltr'><strong>in</strong></span> <span class='ocrx_word' id='word_1_353' title='bbox 484 3593 606 3671; x_wconf 89' lang='lat' dir='ltr'><strong>patera.</strong></span> <span class='ocrx_word' id='word_1_354' title='bbox 660 3588 720 3670; x_wconf 75' lang='grc'><strong>(201</strong></span> <span class='ocrx_word' id='word_1_355' title='bbox 748 3585 903 3669; x_wconf 85' lang='lat' dir='ltr'><strong>Sequenti</strong></span> <span class='ocrx_word' id='word_1_356' title='bbox 932 3585 985 3652; x_wconf 91' lang='lat' dir='ltr'><strong>die</strong></span> <span class='ocrx_word' id='word_1_357' title='bbox 1008 3605 1116 3651; x_wconf 89' lang='lat' dir='ltr'><strong>curam</strong></span> <span class='ocrx_word' id='word_1_358' title='bbox 1139 3585 1253 3651; x_wconf 91' lang='lat' dir='ltr'><strong>domus</strong></span> <span class='ocrx_word' id='word_1_359' title='bbox 1276 3585 1475 3652; x_wconf 86' lang='lat' dir='ltr'><strong>committens</strong></span> <span class='ocrx_word' id='word_1_360' title='bbox 1498 3584 1691 3666; x_wconf 87' lang='lat' dir='ltr'><strong>creditariis,</strong></span> <span class='ocrx_word' id='word_1_361' title='bbox 1724 3585 1855 3670; x_wconf 89' lang='lat' dir='ltr'><strong>ipsese</strong></span> <span class='ocrx_word' id='word_1_362' title='bbox 1877 3591 1974 3650; x_wconf 91' lang='lat' dir='ltr'><strong>totam</strong></span> <span class='ocrx_word' id='word_1_363' title='bbox 1996 3604 2102 3655; x_wconf 80' lang='lat' dir='ltr'><strong>oc-ao</strong></span> 
     </span>
     <span class='ocr_line' id='line_1_32' title="bbox 424 3687 2050 3775; baseline -0.001 -20"><span class='ocrx_word' id='word_1_364' title='bbox 424 3690 563 3775; x_wconf 89' lang='lat' dir='ltr'><strong>cupabat</strong></span> <span class='ocrx_word' id='word_1_365' title='bbox 584 3688 669 3755; x_wconf 88' lang='lat' dir='ltr'><strong>circa</strong></span> <span class='ocrx_word' id='word_1_366' title='bbox 691 3688 753 3754; x_wconf 87' lang='lat' dir='ltr'><strong>viri</strong></span> <span class='ocrx_word' id='word_1_367' title='bbox 774 3689 850 3755; x_wconf 91' lang='lat' dir='ltr'><strong>insti</strong></span> <span class='ocrx_word' id='word_1_368' title='bbox 873 3691 982 3771; x_wconf 88' lang='lat' dir='ltr'><strong>verba,</strong></span> <span class='ocrx_word' id='word_1_369' title='bbox 1010 3689 1094 3755; x_wconf 87' lang='lat' dir='ltr'><strong>eirca</strong></span> <span class='ocrx_word' id='word_1_370' title='bbox 1117 3689 1230 3755; x_wconf 88' lang='lat' dir='ltr'><strong>salutis</strong></span> <span class='ocrx_word' id='word_1_371' title='bbox 1252 3689 1399 3756; x_wconf 88' lang='lat' dir='ltr'><strong>instituta</strong></span> <span class='ocrx_word' id='word_1_372' title='bbox 1421 3695 1453 3754; x_wconf 88' lang='lat' dir='ltr'><strong>et</strong></span> <span class='ocrx_word' id='word_1_373' title='bbox 1475 3688 1560 3755; x_wconf 86' lang='lat' dir='ltr'><strong>circa</strong></span> <span class='ocrx_word' id='word_1_374' title='bbox 1579 3687 1783 3773; x_wconf 87' lang='lat' dir='ltr'><strong>adipiscendi</strong></span> <span class='ocrx_word' id='word_1_375' title='bbox 1797 3687 1884 3753; x_wconf 91' lang='lat' dir='ltr'><strong>vitae</strong></span> <span class='ocrx_word' id='word_1_376' title='bbox 1899 3688 2050 3754; x_wconf 89' lang='lat' dir='ltr'><strong>caelestis</strong></span> 
     </span>
     <span class='ocr_line' id='line_1_33' title="bbox 424 3791 2051 3879; baseline -0.002 -19"><span class='ocrx_word' id='word_1_377' title='bbox 424 3793 614 3860; x_wconf 89' lang='lat' dir='ltr'><strong>commercia</strong></span> <span class='ocrx_word' id='word_1_378' title='bbox 635 3793 855 3859; x_wconf 89' lang='lat' dir='ltr'><strong>retentabatur</strong></span> <span class='ocrx_word' id='word_1_379' title='bbox 876 3815 935 3879; x_wconf 93' lang='grc' dir='ltr'>ρετ</span> <span class='ocrx_word' id='word_1_380' title='bbox 957 3792 1038 3859; x_wconf 91' lang='lat' dir='ltr'><strong>dies.</strong></span> <span class='ocrx_word' id='word_1_381' title='bbox 1086 3794 1127 3858; x_wconf 85' lang='lat' dir='ltr'><strong>Et</strong></span> <span class='ocrx_word' id='word_1_382' title='bbox 1150 3793 1179 3858; x_wconf 88' lang='lat' dir='ltr'><strong>si</strong></span> <span class='ocrx_word' id='word_1_383' title='bbox 1202 3793 1345 3860; x_wconf 89' lang='lat' dir='ltr'><strong>venisset</strong></span> <span class='ocrx_word' id='word_1_384' title='bbox 1367 3791 1522 3878; x_wconf 81' lang='lat' dir='ltr'><strong>pontifex,</strong></span> <span class='ocrx_word' id='word_1_385' title='bbox 1548 3791 1583 3856; x_wconf 93' lang='lat' dir='ltr'><strong>in</strong></span> <span class='ocrx_word' id='word_1_386' title='bbox 1605 3797 1739 3876; x_wconf 89' lang='lat' dir='ltr'><strong>aspectu</strong></span> <span class='ocrx_word' id='word_1_387' title='bbox 1761 3791 1831 3857; x_wconf 92' lang='lat' dir='ltr'><strong>eius</strong></span> <span class='ocrx_word' id='word_1_388' title='bbox 1853 3792 2051 3858; x_wconf 89' lang='lat' dir='ltr'><strong>laetificaba-</strong></span> 
     </span>
     <span class='ocr_line' id='line_1_34' title="bbox 423 3896 1422 3983; baseline -0.003 -19"><span class='ocrx_word' id='word_1_389' title='bbox 423 3904 476 3964; x_wconf 87' lang='lat' dir='ltr'><strong>tur</strong></span> <span class='ocrx_word' id='word_1_390' title='bbox 497 3905 530 3965; x_wconf 92' lang='lat' dir='ltr'><strong>et</strong></span> <span class='ocrx_word' id='word_1_391' title='bbox 550 3903 786 3964; x_wconf 88' lang='lat' dir='ltr'><strong>remuneratum</strong></span> <span class='ocrx_word' id='word_1_392' title='bbox 809 3898 979 3964; x_wconf 88' lang='lat' dir='ltr'><strong>relaxabat</strong></span> <span class='ocrx_word' id='word_1_393' title='bbox 999 3897 1073 3983; x_wconf 90' lang='lat' dir='ltr'><strong>ipsa</strong></span> <span class='ocrx_word' id='word_1_394' title='bbox 1094 3896 1195 3962; x_wconf 90' lang='lat' dir='ltr'><strong>tristis</strong></span> <span class='ocrx_word' id='word_1_395' title='bbox 1217 3897 1261 3962; x_wconf 91' lang='lat' dir='ltr'><strong>ad</strong></span> <span class='ocrx_word' id='word_1_396' title='bbox 1282 3896 1422 3982; x_wconf 89' lang='lat' dir='ltr'><strong>propria.</strong></span> 
     </span>
    </p>
   </div>
   <div class='ocr_carea' id='block_1_3' title="bbox 424 4136 2058 5771">
    <p class='ocr_par' dir='ltr' id='par_1_8' title="bbox 424 4136 2058 5771">
     <span class='ocr_line' id='line_1_35' title="bbox 512 4136 2052 4226; baseline -0.003 -17"><span class='ocrx_word' id='word_1_397' title='bbox 512 4159 524 4209; x_wconf 89' lang='lat'>1</span> <span class='ocrx_word' id='word_1_398' title='bbox 544 4174 649 4209; x_wconf 88' lang='lat' dir='ltr'><strong>occursu</strong></span> <span class='ocrx_word' id='word_1_399' title='bbox 668 4159 697 4207; x_wconf 91' lang='grc' dir='ltr'><em>Μ</em></span> <span class='ocrx_word' id='word_1_400' title='bbox 807 4173 932 4208; x_wconf 79' lang='lat' dir='ltr'><strong>excusans</strong></span> <span class='ocrx_word' id='word_1_401' title='bbox 949 4160 1001 4222; x_wconf 78' lang='lat' dir='ltr'><strong>regi</strong></span> <span class='ocrx_word' id='word_1_402' title='bbox 1019 4160 1103 4221; x_wconf 87' lang='lat' dir='ltr'><strong>allquo</strong></span> <span class='ocrx_word' id='word_1_403' title='bbox 1121 4154 1194 4225; x_wconf 87' lang='lat' dir='ltr'><strong>casu]</strong></span> <span class='ocrx_word' id='word_1_404' title='bbox 1211 4158 1299 4209; x_wconf 87' lang='lat' dir='ltr'><strong>om.T</strong></span> <span class='ocrx_word' id='word_1_405' title='bbox 1419 4157 1435 4207; x_wconf 88' lang='grc'><strong>2</strong></span> <span class='ocrx_word' id='word_1_406' title='bbox 1454 4157 1570 4205; x_wconf 82' lang='lat' dir='ltr'><strong>conuiuio</strong></span> <span class='ocrx_word' id='word_1_407' title='bbox 1589 4136 1781 4204; x_wconf 76' lang='lat' dir='ltr'><strong>shbducebatb</strong></span> <span class='ocrx_word' id='word_1_408' title='bbox 1894 4154 2005 4226; x_wconf 82' lang='lat' dir='ltr'><strong>egressa]</strong></span> <span class='ocrx_word' id='word_1_409' title='bbox 2023 4163 2052 4206; x_wconf 89' lang='lat' dir='ltr'><strong>nt</strong></span> 
     </span>
     <span class='ocr_line' id='line_1_36' title="bbox 424 4242 2053 4312; baseline -0.002 -16"><span class='ocrx_word' id='word_1_410' title='bbox 424 4247 484 4296; x_wconf 85' lang='lat' dir='ltr'><strong>add.</strong></span> <span class='ocrx_word' id='word_1_411' title='bbox 505 4246 557 4294; x_wconf 78' lang='lat' dir='ltr'><strong>MT</strong></span> <span class='ocrx_word' id='word_1_412' title='bbox 677 4246 692 4294; x_wconf 85' lang='lat'><strong>3</strong></span> <span class='ocrx_word' id='word_1_413' title='bbox 711 4242 840 4312; x_wconf 86' lang='lat' dir='ltr'><strong>psalleret]</strong></span> <span class='ocrx_word' id='word_1_414' title='bbox 858 4250 884 4295; x_wconf 88' lang='lat' dir='ltr'><strong>et</strong></span> <span class='ocrx_word' id='word_1_415' title='bbox 901 4246 960 4294; x_wconf 84' lang='lat' dir='ltr'><strong>edd.</strong></span> <span class='ocrx_word' id='word_1_416' title='bbox 977 4243 1036 4293; x_wconf 76' lang='lat' dir='ltr'><strong>P²b</strong></span> <span class='ocrx_word' id='word_1_417' title='bbox 1152 4245 1291 4308; x_wconf 84' lang='lat' dir='ltr'><strong>requireret</strong></span> <span class='ocrx_word' id='word_1_418' title='bbox 1311 4244 1331 4291; x_wconf 77' lang='lat' dir='ltr'><strong>b</strong></span> <span class='ocrx_word' id='word_1_419' title='bbox 1453 4243 1554 4293; x_wconf 68' lang='lat' dir='ltr'><strong>iidem</strong></span> <span class='ocrx_word' id='word_1_420' title='bbox 1574 4242 1647 4290; x_wconf 85' lang='lat' dir='ltr'><strong>PMT</strong></span> <span class='ocrx_word' id='word_1_421' title='bbox 1761 4243 1867 4304; x_wconf 83' lang='lat' dir='ltr'><strong>rogatL</strong></span> <span class='ocrx_word' id='word_1_422' title='bbox 1992 4243 2007 4292; x_wconf 84' lang='lat'>5</span> <span class='ocrx_word' id='word_1_423' title='bbox 2025 4250 2053 4293; x_wconf 84' lang='lat' dir='ltr'><strong>et</strong></span> 
     </span>
     <span class='ocr_line' id='line_1_37' title="bbox 425 4327 2053 4398; baseline -0.001 -17"><span class='ocrx_word' id='word_1_424' title='bbox 425 4334 514 4382; x_wconf 77' lang='lat' dir='ltr'><strong>lenens</strong></span> <span class='ocrx_word' id='word_1_425' title='bbox 532 4333 578 4381; x_wconf 73' lang='grc' dir='ltr'><strong>ΜΤ</strong></span> <span class='ocrx_word' id='word_1_426' title='bbox 681 4332 825 4381; x_wconf 77' lang='lat' dir='ltr'><strong>cubitalem</strong></span> <span class='ocrx_word' id='word_1_427' title='bbox 843 4333 865 4380; x_wconf 83' lang='lat' dir='ltr'><em>L</em></span> <span class='ocrx_word' id='word_1_428' title='bbox 968 4337 1028 4381; x_wconf 79' lang='lat' dir='ltr'><strong>ante</strong></span> <span class='ocrx_word' id='word_1_429' title='bbox 1046 4338 1171 4382; x_wconf 87' lang='lat' dir='ltr'><strong>secretum</strong></span> <span class='ocrx_word' id='word_1_430' title='bbox 1189 4327 1309 4398; x_wconf 86' lang='lat' dir='ltr'><strong>orationi]</strong></span> <span class='ocrx_word' id='word_1_431' title='bbox 1327 4334 1423 4379; x_wconf 77' lang='lat' dir='ltr'><strong>secreta</strong></span> <span class='ocrx_word' id='word_1_432' title='bbox 1440 4329 1590 4379; x_wconf 76' lang='lat' dir='ltr'><strong>oratloneb</strong></span> <span class='ocrx_word' id='word_1_433' title='bbox 1693 4328 1709 4378; x_wconf 83' lang='lat'><strong>6</strong></span> <span class='ocrx_word' id='word_1_434' title='bbox 1728 4331 1821 4392; x_wconf 76' lang='lat' dir='ltr'><strong>spirita</strong></span> <span class='ocrx_word' id='word_1_435' title='bbox 1839 4329 1867 4377; x_wconf 97' lang='grc' dir='ltr'><em>Μ</em></span> <span class='ocrx_word' id='word_1_436' title='bbox 1970 4330 1983 4378; x_wconf 88' lang='grc'><strong>1</strong></span> <span class='ocrx_word' id='word_1_437' title='bbox 2003 4336 2053 4380; x_wconf 93' lang='lat' dir='ltr'><strong>tor·</strong></span> 
     </span>
     <span class='ocr_line' id='line_1_38' title="bbox 426 4414 2020 4487; baseline -0.003 -18"><span class='ocrx_word' id='word_1_438' title='bbox 426 4416 521 4487; x_wconf 81' lang='lat' dir='ltr'><strong>menta]</strong></span> <span class='ocrx_word' id='word_1_439' title='bbox 538 4434 587 4468; x_wconf 91' lang='lat' dir='ltr'><strong>om.</strong></span> <span class='ocrx_word' id='word_1_440' title='bbox 607 4418 637 4483; x_wconf 78' lang='lat' dir='ltr'><strong>(l,</strong></span> <span class='ocrx_word' id='word_1_441' title='bbox 658 4424 809 4468; x_wconf 86' lang='lat' dir='ltr'><strong>tormentum</strong></span> <span class='ocrx_word' id='word_1_442' title='bbox 827 4420 849 4468; x_wconf 83' lang='lat' dir='ltr'><em>L</em></span> <span class='ocrx_word' id='word_1_443' title='bbox 952 4422 1086 4481; x_wconf 84' lang='lat' dir='ltr'><strong>reputabat</strong></span> <span class='ocrx_word' id='word_1_444' title='bbox 1104 4419 1263 4469; x_wconf 87' lang='lat' dir='ltr'><strong>leuissimum</strong></span> <span class='ocrx_word' id='word_1_445' title='bbox 1282 4417 1343 4480; x_wconf 85' lang='lat' dir='ltr'><strong>quid</strong></span> <span class='ocrx_word' id='word_1_446' title='bbox 1365 4418 1386 4465; x_wconf 92' lang='lat' dir='ltr'><em>T</em></span> <span class='ocrx_word' id='word_1_447' title='bbox 1506 4416 1522 4467; x_wconf 85' lang='lat'>8</span> <span class='ocrx_word' id='word_1_448' title='bbox 1541 4431 1597 4476; x_wconf 71' lang='lat' dir='ltr'><strong>nea,</strong></span> <span class='ocrx_word' id='word_1_449' title='bbox 1619 4430 1668 4466; x_wconf 77' lang='lat' dir='ltr'><strong>raa.</strong></span> <span class='ocrx_word' id='word_1_450' title='bbox 1690 4431 1704 4464; x_wconf 88' lang='grc' dir='ltr'>ε</span> <span class='ocrx_word' id='word_1_451' title='bbox 1722 4414 1752 4462; x_wconf 92' lang='grc' dir='ltr'><em>Μ</em></span> <span class='ocrx_word' id='word_1_452' title='bbox 1862 4419 1977 4469; x_wconf 88' lang='lat' dir='ltr'><strong>cubiculo</strong></span> <span class='ocrx_word' id='word_1_453' title='bbox 1999 4418 2020 4464; x_wconf 86' lang='lat' dir='ltr'><em>T</em></span> 
     </span>
     <span class='ocr_line' id='line_1_39' title="bbox 425 4499 2019 4574; baseline -0.004 -19"><span class='ocrx_word' id='word_1_454' title='bbox 425 4502 483 4574; x_wconf 83' lang='lat' dir='ltr'><strong>alx]</strong></span> <span class='ocrx_word' id='word_1_455' title='bbox 500 4506 543 4556; x_wconf 84' lang='lat' dir='ltr'><strong>nel</strong></span> <span class='ocrx_word' id='word_1_456' title='bbox 562 4505 584 4553; x_wconf 82' lang='lat' dir='ltr'><em>L</em></span> <span class='ocrx_word' id='word_1_457' title='bbox 711 4505 727 4556; x_wconf 86' lang='lat'><strong>9</strong></span> <span class='ocrx_word' id='word_1_458' title='bbox 745 4520 828 4567; x_wconf 79' lang='lat' dir='ltr'><strong>regem</strong></span> <span class='ocrx_word' id='word_1_459' title='bbox 847 4505 869 4552; x_wconf 80' lang='lat' dir='ltr'><em>L</em></span> <span class='ocrx_word' id='word_1_460' title='bbox 989 4509 1073 4568; x_wconf 86' lang='lat' dir='ltr'><strong>potius</strong></span> <span class='ocrx_word' id='word_1_461' title='bbox 1091 4521 1118 4555; x_wconf 93' lang='grc' dir='ltr'><strong>εε</strong></span> <span class='ocrx_word' id='word_1_462' title='bbox 1138 4504 1167 4568; x_wconf 79' lang='lat' dir='ltr'><strong>b,</strong></span> <span class='ocrx_word' id='word_1_463' title='bbox 1188 4519 1215 4553; x_wconf 94' lang='grc' dir='ltr'><strong>εε</strong></span> <span class='ocrx_word' id='word_1_464' title='bbox 1234 4507 1313 4565; x_wconf 80' lang='lat' dir='ltr'><strong>magle</strong></span> <span class='ocrx_word' id='word_1_465' title='bbox 1334 4504 1355 4552; x_wconf 88' lang='lat' dir='ltr'><em>T</em></span> <span class='ocrx_word' id='word_1_466' title='bbox 1484 4502 1515 4551; x_wconf 89' lang='grc'><strong>10</strong></span> <span class='ocrx_word' id='word_1_467' title='bbox 1534 4499 1664 4568; x_wconf 77' lang='lat' dir='ltr'><strong>inritatus]</strong></span> <span class='ocrx_word' id='word_1_468' title='bbox 1683 4504 1711 4551; x_wconf 91' lang='lat' dir='ltr'><strong>in</strong></span> <span class='ocrx_word' id='word_1_469' title='bbox 1728 4503 1806 4551; x_wconf 83' lang='lat' dir='ltr'><strong>tantis</strong></span> <span class='ocrx_word' id='word_1_470' title='bbox 1825 4503 1866 4566; x_wconf 80' lang='lat'><strong>6¹,</strong></span> <span class='ocrx_word' id='word_1_471' title='bbox 1887 4506 1964 4552; x_wconf 77' lang='lat' dir='ltr'><strong>tantis</strong></span> <span class='ocrx_word' id='word_1_472' title='bbox 1984 4501 2019 4549; x_wconf 75' lang='lat'><strong>62</strong></span> 
     </span>
     <span class='ocr_line' id='line_1_40' title="bbox 425 4586 2053 4660; baseline -0.002 -18"><span class='ocrx_word' id='word_1_473' title='bbox 425 4607 469 4656; x_wconf 90' lang='lat' dir='ltr'><strong>pro</strong></span> <span class='ocrx_word' id='word_1_474' title='bbox 487 4619 520 4629; x_wconf 95' lang='lat'><em>-</em></span> <span class='ocrx_word' id='word_1_475' title='bbox 540 4590 571 4655; x_wconf 84' lang='grc'><strong>11</strong></span> <span class='ocrx_word' id='word_1_476' title='bbox 589 4589 695 4660; x_wconf 78' lang='lat' dir='ltr'><strong>lnletas]</strong></span> <span class='ocrx_word' id='word_1_477' title='bbox 712 4591 799 4643; x_wconf 68' lang='lat' dir='ltr'><strong>emh</strong></span> <span class='ocrx_word' id='word_1_478' title='bbox 917 4591 946 4643; x_wconf 89' lang='grc'><strong>11</strong></span> <span class='ocrx_word' id='word_1_479' title='bbox 968 4588 1085 4659; x_wconf 79' lang='lat' dir='ltr'><strong>coniuge]</strong></span> <span class='ocrx_word' id='word_1_480' title='bbox 1103 4606 1160 4654; x_wconf 84' lang='lat' dir='ltr'><strong>rege</strong></span> <span class='ocrx_word' id='word_1_481' title='bbox 1178 4589 1231 4639; x_wconf 95' lang='grc' dir='ltr'><strong>ΡΜ</strong></span> <span class='ocrx_word' id='word_1_482' title='bbox 1343 4587 1375 4639; x_wconf 97' lang='grc'><strong>12</strong></span> <span class='ocrx_word' id='word_1_483' title='bbox 1393 4590 1486 4639; x_wconf 83' lang='lat' dir='ltr'><strong>retexit</strong></span> <span class='ocrx_word' id='word_1_484' title='bbox 1504 4586 1597 4652; x_wconf 74' lang='lat' dir='ltr'><strong>P²(ll,</strong></span> <span class='ocrx_word' id='word_1_485' title='bbox 1617 4588 1755 4649; x_wconf 77' lang='lat' dir='ltr'><strong>redeglth</strong></span> <span class='ocrx_word' id='word_1_486' title='bbox 1870 4588 1900 4639; x_wconf 97' lang='grc'><strong>13</strong></span> <span class='ocrx_word' id='word_1_487' title='bbox 1918 4592 2053 4655; x_wconf 83' lang='lat' dir='ltr'><strong>poeniten·</strong></span> 
     </span>
     <span class='ocr_line' id='line_1_41' title="bbox 425 4673 2052 4745; baseline -0.002 -17"><span class='ocrx_word' id='word_1_488' title='bbox 425 4678 517 4728; x_wconf 79' lang='lat' dir='ltr'><strong>temL</strong></span> <span class='ocrx_word' id='word_1_489' title='bbox 628 4680 720 4728; x_wconf 87' lang='lat' dir='ltr'><strong>ieiunii</strong></span> <span class='ocrx_word' id='word_1_490' title='bbox 738 4674 861 4745; x_wconf 87' lang='lat' dir='ltr'><strong>tempore]</strong></span> <span class='ocrx_word' id='word_1_491' title='bbox 878 4692 927 4728; x_wconf 86' lang='lat' dir='ltr'><strong>em.</strong></span> <span class='ocrx_word' id='word_1_492' title='bbox 949 4678 971 4728; x_wconf 79' lang='lat' dir='ltr'><strong>b</strong></span> <span class='ocrx_word' id='word_1_493' title='bbox 1083 4673 1199 4744; x_wconf 85' lang='lat' dir='ltr'><strong>mittens]</strong></span> <span class='ocrx_word' id='word_1_494' title='bbox 1217 4677 1334 4726; x_wconf 78' lang='lat' dir='ltr'><strong>mittebat</strong></span> <span class='ocrx_word' id='word_1_495' title='bbox 1349 4680 1405 4737; x_wconf 86' lang='lat' dir='ltr'><strong>post</strong></span> <span class='ocrx_word' id='word_1_496' title='bbox 1422 4678 1490 4738; x_wconf 82' lang='lat' dir='ltr'><strong>piam</strong></span> <span class='ocrx_word' id='word_1_497' title='bbox 1512 4675 1533 4722; x_wconf 91' lang='lat' dir='ltr'><em>T</em></span> <span class='ocrx_word' id='word_1_498' title='bbox 1654 4674 1686 4724; x_wconf 85' lang='grc'><strong>14</strong></span> <span class='ocrx_word' id='word_1_499' title='bbox 1704 4675 1848 4724; x_wconf 78' lang='lat' dir='ltr'><strong>monacham</strong></span> <span class='ocrx_word' id='word_1_500' title='bbox 1866 4679 1968 4726; x_wconf 88' lang='lat' dir='ltr'><strong>nomine</strong></span> <span class='ocrx_word' id='word_1_501' title='bbox 1987 4680 2052 4739; x_wconf 80' lang='lat' dir='ltr'><strong>piam</strong></span> 
     </span>
     <span class='ocr_line' id='line_1_42' title="bbox 425 4759 2019 4832; baseline -0.003 -16"><span class='ocrx_word' id='word_1_502' title='bbox 425 4766 473 4816; x_wconf 88' lang='lat' dir='ltr'><strong>LT</strong></span> <span class='ocrx_word' id='word_1_503' title='bbox 583 4761 635 4832; x_wconf 88' lang='lat' dir='ltr'><strong>cul]</strong></span> <span class='ocrx_word' id='word_1_504' title='bbox 653 4767 680 4813; x_wconf 91' lang='lat' dir='ltr'><strong>ln</strong></span> <span class='ocrx_word' id='word_1_505' title='bbox 702 4762 735 4814; x_wconf 71' lang='lat'><strong>0²</strong></span> <span class='ocrx_word' id='word_1_506' title='bbox 857 4764 888 4815; x_wconf 85' lang='grc'><strong>15</strong></span> <span class='ocrx_word' id='word_1_507' title='bbox 907 4766 1018 4815; x_wconf 78' lang='lat' dir='ltr'><strong>tiliolum</strong></span> <span class='ocrx_word' id='word_1_508' title='bbox 1035 4767 1063 4815; x_wconf 90' lang='lat' dir='ltr'><strong>in</strong></span> <span class='ocrx_word' id='word_1_509' title='bbox 1081 4766 1159 4814; x_wconf 87' lang='lat' dir='ltr'><strong>linteo</strong></span> <span class='ocrx_word' id='word_1_510' title='bbox 1177 4763 1316 4825; x_wconf 79' lang='lat' dir='ltr'><strong>sigillatum</strong></span> <span class='ocrx_word' id='word_1_511' title='bbox 1334 4762 1356 4810; x_wconf 78' lang='lat' dir='ltr'><em>L</em></span> <span class='ocrx_word' id='word_1_512' title='bbox 1480 4760 1510 4811; x_wconf 83' lang='grc'><strong>16</strong></span> <span class='ocrx_word' id='word_1_513' title='bbox 1529 4767 1601 4810; x_wconf 83' lang='lat' dir='ltr'><strong>ueste</strong></span> <span class='ocrx_word' id='word_1_514' title='bbox 1619 4763 1688 4821; x_wconf 77' lang='lat' dir='ltr'><strong>regie</strong></span> <span class='ocrx_word' id='word_1_515' title='bbox 1707 4759 1758 4811; x_wconf 79' lang='grc' dir='ltr'><strong>ΜΘ</strong></span> <span class='ocrx_word' id='word_1_516' title='bbox 1870 4765 1979 4825; x_wconf 86' lang='lat' dir='ltr'><strong>portauit</strong></span> <span class='ocrx_word' id='word_1_517' title='bbox 1996 4765 2019 4812; x_wconf 83' lang='lat' dir='ltr'><strong><em>L</em></strong></span> 
     </span>
     <span class='ocr_line' id='line_1_43' title="bbox 426 4844 2054 4918; baseline -0.002 -16"><span class='ocrx_word' id='word_1_518' title='bbox 426 4847 570 4918; x_wconf 69' lang='lat' dir='ltr'><strong>mnsectls]</strong></span> <span class='ocrx_word' id='word_1_519' title='bbox 587 4857 674 4902; x_wconf 82' lang='lat' dir='ltr'><strong>autern</strong></span> <span class='ocrx_word' id='word_1_520' title='bbox 692 4852 750 4902; x_wconf 87' lang='lat' dir='ltr'><strong>odd.</strong></span> <span class='ocrx_word' id='word_1_521' title='bbox 774 4852 821 4900; x_wconf 83' lang='lat' dir='ltr'><strong>LT</strong></span> <span class='ocrx_word' id='word_1_522' title='bbox 937 4852 980 4904; x_wconf 88' lang='grc'><strong>11</strong></span> <span class='ocrx_word' id='word_1_523' title='bbox 1000 4852 1062 4901; x_wconf 80' lang='lat' dir='ltr'><strong>sih</strong></span> <span class='ocrx_word' id='word_1_524' title='bbox 1194 4848 1225 4900; x_wconf 83' lang='grc'><strong>18</strong></span> <span class='ocrx_word' id='word_1_525' title='bbox 1243 4844 1403 4915; x_wconf 84' lang='lat' dir='ltr'><strong>defunderet]</strong></span> <span class='ocrx_word' id='word_1_526' title='bbox 1421 4847 1528 4912; x_wconf 81' lang='lat' dir='ltr'><strong>P¹MG¹,</strong></span> <span class='ocrx_word' id='word_1_527' title='bbox 1549 4849 1702 4898; x_wconf 77' lang='lat' dir='ltr'><strong>diffunderet</strong></span> <span class='ocrx_word' id='word_1_528' title='bbox 1720 4849 1785 4912; x_wconf 73' lang='grc' dir='ltr'><strong>(ΜΤ)</strong></span> <span class='ocrx_word' id='word_1_529' title='bbox 1908 4847 1945 4916; x_wconf 90' lang='lat' dir='ltr'><strong>et]</strong></span> <span class='ocrx_word' id='word_1_530' title='bbox 1963 4864 2010 4899; x_wconf 89' lang='lat' dir='ltr'><strong>om.</strong></span> <span class='ocrx_word' id='word_1_531' title='bbox 2032 4851 2054 4898; x_wconf 83' lang='lat' dir='ltr'><em>L</em></span> 
     </span>
     <span class='ocr_line' id='line_1_44' title="bbox 429 4931 2055 5004; baseline -0.002 -15"><span class='ocrx_word' id='word_1_532' title='bbox 429 4938 460 4989; x_wconf 86' lang='grc'><strong>19</strong></span> <span class='ocrx_word' id='word_1_533' title='bbox 478 4941 579 4988; x_wconf 77' lang='lat' dir='ltr'><strong>sstlmet</strong></span> <span class='ocrx_word' id='word_1_534' title='bbox 601 4938 622 4986; x_wconf 78' lang='lat' dir='ltr'><strong><em>G</em></strong></span> <span class='ocrx_word' id='word_1_535' title='bbox 745 4939 861 5004; x_wconf 81' lang='lat' dir='ltr'><strong>dispectu</strong></span> <span class='ocrx_word' id='word_1_536' title='bbox 881 4939 904 4987; x_wconf 81' lang='lat' dir='ltr'><em>L</em></span> <span class='ocrx_word' id='word_1_537' title='bbox 1031 4937 1064 4988; x_wconf 88' lang='grc'><strong>20</strong></span> <span class='ocrx_word' id='word_1_538' title='bbox 1083 4933 1206 5004; x_wconf 82' lang='lat' dir='ltr'><strong>cbristus]</strong></span> <span class='ocrx_word' id='word_1_539' title='bbox 1224 4937 1310 4985; x_wconf 84' lang='lat' dir='ltr'><strong>christi</strong></span> <span class='ocrx_word' id='word_1_540' title='bbox 1328 4937 1366 4984; x_wconf 89' lang='lat' dir='ltr'><strong>illi</strong></span> <span class='ocrx_word' id='word_1_541' title='bbox 1385 4935 1407 4983; x_wconf 79' lang='lat' dir='ltr'><strong>b</strong></span> <span class='ocrx_word' id='word_1_542' title='bbox 1519 4936 1553 4983; x_wconf 86' lang='lat' dir='ltr'><strong>&#39;ln</strong></span> <span class='ocrx_word' id='word_1_543' title='bbox 1571 4931 1674 5001; x_wconf 88' lang='lat' dir='ltr'><strong>christo]</strong></span> <span class='ocrx_word' id='word_1_544' title='bbox 1692 4948 1740 4985; x_wconf 89' lang='lat' dir='ltr'><strong>om.</strong></span> <span class='ocrx_word' id='word_1_545' title='bbox 1761 4933 1813 4982; x_wconf 90' lang='grc' dir='ltr'><strong>ΡΜ</strong></span> <span class='ocrx_word' id='word_1_546' title='bbox 1936 4935 1966 4984; x_wconf 87' lang='grc'><strong>21</strong></span> <span class='ocrx_word' id='word_1_547' title='bbox 1988 4937 2055 4998; x_wconf 91' lang='lat' dir='ltr'><strong>qnod</strong></span> 
     </span>
     <span class='ocr_line' id='line_1_45' title="bbox 427 5017 2055 5091; baseline -0.001 -18"><span class='ocrx_word' id='word_1_548' title='bbox 427 5023 488 5073; x_wconf 82' lang='lat' dir='ltr'><strong>Plbl</strong></span> <span class='ocrx_word' id='word_1_549' title='bbox 593 5031 722 5089; x_wconf 78' lang='lat' dir='ltr'><strong>perageret</strong></span> <span class='ocrx_word' id='word_1_550' title='bbox 740 5026 846 5075; x_wconf 84' lang='lat' dir='ltr'><strong>sollicite</strong></span> <span class='ocrx_word' id='word_1_551' title='bbox 864 5025 886 5073; x_wconf 83' lang='lat' dir='ltr'>L</span> <span class='ocrx_word' id='word_1_552' title='bbox 991 5030 1022 5074; x_wconf 89' lang='lat' dir='ltr'><strong>nt</strong></span> <span class='ocrx_word' id='word_1_553' title='bbox 1039 5039 1103 5087; x_wconf 78' lang='lat' dir='ltr'><strong>quae</strong></span> <span class='ocrx_word' id='word_1_554' title='bbox 1121 5021 1175 5091; x_wconf 89' lang='lat' dir='ltr'><strong>per]</strong></span> <span class='ocrx_word' id='word_1_555' title='bbox 1194 5024 1345 5072; x_wconf 86' lang='lat' dir='ltr'><strong>circumiens</strong></span> <span class='ocrx_word' id='word_1_556' title='bbox 1364 5022 1415 5070; x_wconf 83' lang='lat' dir='ltr'><strong>PM</strong></span> <span class='ocrx_word' id='word_1_557' title='bbox 1522 5020 1555 5071; x_wconf 91' lang='grc'><strong>22</strong></span> <span class='ocrx_word' id='word_1_558' title='bbox 1574 5017 1635 5088; x_wconf 80' lang='lat' dir='ltr'><strong>totu]</strong></span> <span class='ocrx_word' id='word_1_559' title='bbox 1655 5026 1684 5069; x_wconf 92' lang='lat' dir='ltr'><strong>ut</strong></span> <span class='ocrx_word' id='word_1_560' title='bbox 1702 5026 1752 5070; x_wconf 82' lang='lat' dir='ltr'><strong>totu</strong></span> <span class='ocrx_word' id='word_1_561' title='bbox 1773 5020 1825 5070; x_wconf 89' lang='grc' dir='ltr'><strong>ΡΜ</strong></span> <span class='ocrx_word' id='word_1_562' title='bbox 1926 5024 2055 5071; x_wconf 80' lang='lat' dir='ltr'><strong>ministra-</strong></span> 
     </span>
     <span class='ocr_line' id='line_1_46' title="bbox 427 5107 2058 5175; baseline -0.003 -13"><span class='ocrx_word' id='word_1_563' title='bbox 427 5117 475 5162; x_wconf 86' lang='lat' dir='ltr'><strong>ret.</strong></span> <span class='ocrx_word' id='word_1_564' title='bbox 495 5126 539 5175; x_wconf 85' lang='lat' dir='ltr'><strong>pro</strong></span> <span class='ocrx_word' id='word_1_565' title='bbox 557 5127 661 5175; x_wconf 83' lang='lat' dir='ltr'><strong>querum</strong></span> <span class='ocrx_word' id='word_1_566' title='bbox 680 5116 754 5163; x_wconf 81' lang='lat' dir='ltr'><strong>morti</strong></span> <span class='ocrx_word' id='word_1_567' title='bbox 772 5114 884 5162; x_wconf 83' lang='lat' dir='ltr'><strong>serotina</strong></span> <span class='ocrx_word' id='word_1_568' title='bbox 902 5112 924 5160; x_wconf 86' lang='lat' dir='ltr'><em>L</em></span> <span class='ocrx_word' id='word_1_569' title='bbox 1029 5109 1061 5159; x_wconf 85' lang='grc'><strong>23</strong></span> <span class='ocrx_word' id='word_1_570' title='bbox 1080 5111 1146 5173; x_wconf 88' lang='lat' dir='ltr'><strong>quod</strong></span> <span class='ocrx_word' id='word_1_571' title='bbox 1165 5124 1192 5160; x_wconf 90' lang='lat' dir='ltr'><strong>se</strong></span> <span class='ocrx_word' id='word_1_572' title='bbox 1209 5111 1240 5158; x_wconf 80' lang='lat' dir='ltr'><strong>ad</strong></span> <span class='ocrx_word' id='word_1_573' title='bbox 1258 5123 1368 5158; x_wconf 80' lang='lat' dir='ltr'><strong>mansam</strong></span> <span class='ocrx_word' id='word_1_574' title='bbox 1391 5108 1419 5171; x_wconf 80' lang='grc'><strong>(1)</strong></span> <span class='ocrx_word' id='word_1_575' title='bbox 1438 5122 1483 5156; x_wconf 84' lang='lat' dir='ltr'><strong>rex</strong></span> <span class='ocrx_word' id='word_1_576' title='bbox 1502 5109 1642 5170; x_wconf 86' lang='lat' dir='ltr'><strong>requireret</strong></span> <span class='ocrx_word' id='word_1_577' title='bbox 1659 5107 1690 5170; x_wconf 82' lang='lat' dir='ltr'><strong>L,</strong></span> <span class='ocrx_word' id='word_1_578' title='bbox 1710 5122 1755 5157; x_wconf 84' lang='lat' dir='ltr'><strong>rex</strong></span> <span class='ocrx_word' id='word_1_579' title='bbox 1772 5109 1839 5170; x_wconf 90' lang='lat' dir='ltr'><strong>quod</strong></span> <span class='ocrx_word' id='word_1_580' title='bbox 1856 5109 1886 5156; x_wconf 83' lang='lat' dir='ltr'><strong>ed</strong></span> <span class='ocrx_word' id='word_1_581' title='bbox 1905 5123 2016 5157; x_wconf 88' lang='lat' dir='ltr'><strong>mensem</strong></span> <span class='ocrx_word' id='word_1_582' title='bbox 2038 5110 2058 5156; x_wconf 89' lang='lat' dir='ltr'><em>T</em></span> 
     </span>
     <span class='ocr_line' id='line_1_47' title="bbox 427 5192 2054 5266; baseline -0.004 -17"><span class='ocrx_word' id='word_1_583' title='bbox 427 5198 462 5249; x_wconf 84' lang='grc'><strong>24</strong></span> <span class='ocrx_word' id='word_1_584' title='bbox 480 5199 612 5261; x_wconf 76' lang='lat' dir='ltr'><strong>satagltb</strong></span> <span class='ocrx_word' id='word_1_585' title='bbox 732 5195 758 5266; x_wconf 78' lang='grc' dir='ltr'>ε]</span> <span class='ocrx_word' id='word_1_586' title='bbox 776 5214 833 5248; x_wconf 87' lang='lat' dir='ltr'><strong>cum</strong></span> <span class='ocrx_word' id='word_1_587' title='bbox 853 5198 903 5246; x_wconf 92' lang='grc' dir='ltr'><strong>ΡΜ</strong></span> <span class='ocrx_word' id='word_1_588' title='bbox 1024 5193 1135 5263; x_wconf 86' lang='lat' dir='ltr'><strong>uicibus]</strong></span> <span class='ocrx_word' id='word_1_589' title='bbox 1153 5196 1188 5258; x_wconf 74' lang='lat' dir='ltr'><strong>es.</strong></span> <span class='ocrx_word' id='word_1_590' title='bbox 1213 5196 1240 5244; x_wconf 88' lang='lat' dir='ltr'><strong>V.</strong></span> <span class='ocrx_word' id='word_1_591' title='bbox 1261 5196 1361 5245; x_wconf 80' lang='lat' dir='ltr'><strong>Polemi</strong></span> <span class='ocrx_word' id='word_1_592' title='bbox 1378 5211 1401 5244; x_wconf 88' lang='grc' dir='ltr'>ε.</span> <span class='ocrx_word' id='word_1_593' title='bbox 1423 5198 1438 5243; x_wconf 88' lang='grc'><strong>9</strong></span> <span class='ocrx_word' id='word_1_594' title='bbox 1558 5207 1603 5256; x_wconf 88' lang='grc' dir='ltr'>ρτε</span> <span class='ocrx_word' id='word_1_595' title='bbox 1621 5207 1725 5242; x_wconf 89' lang='lat' dir='ltr'><strong>munere</strong></span> <span class='ocrx_word' id='word_1_596' title='bbox 1743 5195 1766 5242; x_wconf 83' lang='lat' dir='ltr'><strong><em>L</em></strong></span> <span class='ocrx_word' id='word_1_597' title='bbox 1827 5258 1829 5263; x_wconf 9' lang='lat' dir='ltr'>y</span> <span class='ocrx_word' id='word_1_598' title='bbox 1904 5195 1937 5244; x_wconf 87' lang='grc'><strong>25</strong></span> <span class='ocrx_word' id='word_1_599' title='bbox 1955 5197 1981 5244; x_wconf 89' lang='lat' dir='ltr'><strong>ei</strong></span> <span class='ocrx_word' id='word_1_600' title='bbox 1998 5192 2054 5262; x_wconf 89' lang='lat' dir='ltr'><strong>per]</strong></span> 
     </span>
     <span class='ocr_line' id='line_1_48' title="bbox 426 5279 2055 5352; baseline -0.003 -16"><span class='ocrx_word' id='word_1_601' title='bbox 426 5301 475 5337; x_wconf 86' lang='lat' dir='ltr'><strong>om.</strong></span> <span class='ocrx_word' id='word_1_602' title='bbox 489 5287 521 5351; x_wconf 79' lang='lat' dir='ltr'><strong>L,</strong></span> <span class='ocrx_word' id='word_1_603' title='bbox 540 5287 623 5352; x_wconf 92' lang='lat' dir='ltr'><strong>perT</strong></span> <span class='ocrx_word' id='word_1_604' title='bbox 725 5286 758 5336; x_wconf 87' lang='grc'><strong>26</strong></span> <span class='ocrx_word' id='word_1_605' title='bbox 777 5287 818 5336; x_wconf 90' lang='lat' dir='ltr'><strong>del</strong></span> <span class='ocrx_word' id='word_1_606' title='bbox 835 5285 877 5334; x_wconf 88' lang='lat' dir='ltr'><strong>nel</strong></span> <span class='ocrx_word' id='word_1_607' title='bbox 894 5299 941 5348; x_wconf 92' lang='lat' dir='ltr'><strong>per</strong></span> <span class='ocrx_word' id='word_1_608' title='bbox 959 5299 985 5333; x_wconf 88' lang='lat' dir='ltr'><strong>se</strong></span> <span class='ocrx_word' id='word_1_609' title='bbox 1003 5286 1046 5333; x_wconf 92' lang='lat' dir='ltr'><strong>nel</strong></span> <span class='ocrx_word' id='word_1_610' title='bbox 1064 5289 1167 5333; x_wconf 78' lang='lat' dir='ltr'><strong>uocatus</strong></span> <span class='ocrx_word' id='word_1_611' title='bbox 1184 5285 1256 5332; x_wconf 88' lang='lat' dir='ltr'><strong>nisus</strong></span> <span class='ocrx_word' id='word_1_612' title='bbox 1275 5281 1540 5332; x_wconf 81' lang='lat' dir='ltr'><strong>luissetoceurrereT</strong></span> <span class='ocrx_word' id='word_1_613' title='bbox 1641 5294 1684 5343; x_wconf 89' lang='lat' dir='ltr'><strong>pro</strong></span> <span class='ocrx_word' id='word_1_614' title='bbox 1697 5279 1799 5344; x_wconf 65' lang='lat' dir='ltr'><strong>Plane)</strong></span> <span class='ocrx_word' id='word_1_615' title='bbox 1907 5288 2055 5343; x_wconf 81' lang='lat' dir='ltr'><strong>prouocatus</strong></span> 
     </span>
     <span class='ocr_line' id='line_1_49' title="bbox 430 5363 2020 5439; baseline -0.004 -16"><span class='ocrx_word' id='word_1_616' title='bbox 430 5374 461 5439; x_wconf 76' lang='lat'><strong>0,</strong></span> <span class='ocrx_word' id='word_1_617' title='bbox 481 5379 601 5424; x_wconf 80' lang='lat' dir='ltr'><strong>euocatus</strong></span> <span class='ocrx_word' id='word_1_618' title='bbox 619 5375 641 5423; x_wconf 86' lang='lat' dir='ltr'><em>L</em></span> <span class='ocrx_word' id='word_1_619' title='bbox 760 5371 791 5422; x_wconf 86' lang='grc'><strong>21</strong></span> <span class='ocrx_word' id='word_1_620' title='bbox 811 5368 1014 5422; x_wconf 72' lang='lat' dir='ltr'><strong>cucurreram</strong></span> <span class='ocrx_word' id='word_1_621' title='bbox 1117 5372 1219 5420; x_wconf 85' lang='lat' dir='ltr'><strong>uideres</strong></span> <span class='ocrx_word' id='word_1_622' title='bbox 1236 5371 1308 5420; x_wconf 85' lang='lat' dir='ltr'><strong>illam</strong></span> <span class='ocrx_word' id='word_1_623' title='bbox 1326 5368 1373 5416; x_wconf 78' lang='grc' dir='ltr'><strong>Μ’</strong></span> <span class='ocrx_word' id='word_1_624' title='bbox 1478 5381 1504 5416; x_wconf 87' lang='grc' dir='ltr'><strong>εε</strong></span> <span class='ocrx_word' id='word_1_625' title='bbox 1522 5363 1639 5432; x_wconf 79' lang='lat' dir='ltr'><strong>putabet]</strong></span> <span class='ocrx_word' id='word_1_626' title='bbox 1657 5380 1706 5416; x_wconf 89' lang='lat' dir='ltr'><strong>om.</strong></span> <span class='ocrx_word' id='word_1_627' title='bbox 1726 5366 1773 5414; x_wconf 83' lang='lat' dir='ltr'><strong>LT</strong></span> <span class='ocrx_word' id='word_1_628' title='bbox 1877 5368 2020 5417; x_wconf 76' lang='lat' dir='ltr'><strong>deeursah</strong></span> 
     </span>
     <span class='ocr_line' id='line_1_50' title="bbox 427 5450 2057 5526; baseline -0.004 -15"><span class='ocrx_word' id='word_1_629' title='bbox 427 5460 460 5512; x_wconf 85' lang='grc'><strong>28</strong></span> <span class='ocrx_word' id='word_1_630' title='bbox 478 5476 538 5526; x_wconf 77' lang='lat' dir='ltr'><strong>pace</strong></span> <span class='ocrx_word' id='word_1_631' title='bbox 558 5461 586 5509; x_wconf 90' lang='grc' dir='ltr'><em>Μ</em></span> <span class='ocrx_word' id='word_1_632' title='bbox 712 5455 820 5526; x_wconf 87' lang='lat' dir='ltr'><strong>intlmls]</strong></span> <span class='ocrx_word' id='word_1_633' title='bbox 838 5460 946 5508; x_wconf 85' lang='lat' dir='ltr'><strong>thermis</strong></span> <span class='ocrx_word' id='word_1_634' title='bbox 965 5461 992 5507; x_wconf 82' lang='lat' dir='ltr'><strong>in</strong></span> <span class='ocrx_word' id='word_1_635' title='bbox 1008 5474 1058 5519; x_wconf 74' lang='lat' dir='ltr'><strong>mo.</strong></span> <span class='ocrx_word' id='word_1_636' title='bbox 1079 5457 1139 5507; x_wconf 85' lang='lat' dir='ltr'><strong>add.</strong></span> <span class='ocrx_word' id='word_1_637' title='bbox 1161 5457 1189 5505; x_wconf 93' lang='grc' dir='ltr'><em>Μ</em></span> <span class='ocrx_word' id='word_1_638' title='bbox 1194 5454 1214 5519; x_wconf 77' lang='lat'><strong>²,</strong></span> <span class='ocrx_word' id='word_1_639' title='bbox 1234 5457 1328 5506; x_wconf 66' lang='grc' dir='ltr'>ἱεέτττίε</span> <span class='ocrx_word' id='word_1_640' title='bbox 1349 5455 1371 5503; x_wconf 95' lang='lat' dir='ltr'><em>T</em></span> <span class='ocrx_word' id='word_1_641' title='bbox 1489 5453 1523 5504; x_wconf 83' lang='grc'><strong>23</strong></span> <span class='ocrx_word' id='word_1_642' title='bbox 1541 5460 1568 5503; x_wconf 84' lang='grc' dir='ltr'><strong>ε1</strong></span> <span class='ocrx_word' id='word_1_643' title='bbox 1583 5454 1731 5517; x_wconf 81' lang='lat' dir='ltr'><strong>propinabat</strong></span> <span class='ocrx_word' id='word_1_644' title='bbox 1748 5455 1774 5500; x_wconf 88' lang='lat' dir='ltr'><strong>in</strong></span> <span class='ocrx_word' id='word_1_645' title='bbox 1793 5450 1890 5519; x_wconf 86' lang='lat' dir='ltr'><strong>patera]</strong></span> <span class='ocrx_word' id='word_1_646' title='bbox 1907 5456 2057 5517; x_wconf 83' lang='lat' dir='ltr'><strong>proplnebat</strong></span> 
     </span>
     <span class='ocr_line' id='line_1_51' title="bbox 428 5538 2053 5612; baseline -0.004 -14"><span class='ocrx_word' id='word_1_647' title='bbox 428 5551 452 5598; x_wconf 88' lang='lat' dir='ltr'><strong>el</strong></span> <span class='ocrx_word' id='word_1_648' title='bbox 469 5554 581 5612; x_wconf 76' lang='lat' dir='ltr'><strong>pateram</strong></span> <span class='ocrx_word' id='word_1_649' title='bbox 603 5549 624 5595; x_wconf 90' lang='lat' dir='ltr'><em>T</em></span> <span class='ocrx_word' id='word_1_650' title='bbox 742 5545 775 5595; x_wconf 87' lang='lat'><strong>30</strong></span> <span class='ocrx_word' id='word_1_651' title='bbox 793 5551 845 5595; x_wconf 81' lang='lat' dir='ltr'><strong>tote</strong></span> <span class='ocrx_word' id='word_1_652' title='bbox 862 5545 918 5607; x_wconf 78' lang='lat' dir='ltr'><strong>Po,</strong></span> <span class='ocrx_word' id='word_1_653' title='bbox 937 5559 985 5594; x_wconf 88' lang='lat' dir='ltr'><strong>om.</strong></span> <span class='ocrx_word' id='word_1_654' title='bbox 1002 5544 1030 5592; x_wconf 93' lang='grc' dir='ltr'><em>Μ</em></span> <span class='ocrx_word' id='word_1_655' title='bbox 1159 5543 1188 5593; x_wconf 91' lang='grc'><strong>31</strong></span> <span class='ocrx_word' id='word_1_656' title='bbox 1211 5538 1379 5608; x_wconf 77' lang='lat' dir='ltr'><strong>sdlpiseendl]</strong></span> <span class='ocrx_word' id='word_1_657' title='bbox 1399 5540 1501 5604; x_wconf 83' lang='lat' dir='ltr'><strong>P¹MG¹,</strong></span> <span class='ocrx_word' id='word_1_658' title='bbox 1521 5542 1640 5589; x_wconf 79' lang='lat' dir='ltr'><strong>instituta</strong></span> <span class='ocrx_word' id='word_1_659' title='bbox 1658 5542 1722 5588; x_wconf 82' lang='lat' dir='ltr'><strong>eirea</strong></span> <span class='ocrx_word' id='word_1_660' title='bbox 1739 5540 1898 5603; x_wconf 85' lang='lat' dir='ltr'><strong>dispicienda</strong></span> <span class='ocrx_word' id='word_1_661' title='bbox 1916 5543 2005 5590; x_wconf 90' lang='lat' dir='ltr'><strong>mundi</strong></span> <span class='ocrx_word' id='word_1_662' title='bbox 2024 5542 2053 5603; x_wconf 80' lang='lat' dir='ltr'><strong>h,</strong></span> 
     </span>
     <span class='ocr_line' id='line_1_52' title="bbox 427 5623 2055 5699; baseline -0.004 -16"><span class='ocrx_word' id='word_1_663' title='bbox 427 5635 589 5699; x_wconf 76' lang='lat' dir='ltr'><strong>adipiscenda</strong></span> <span class='ocrx_word' id='word_1_664' title='bbox 609 5634 651 5698; x_wconf 82' lang='lat' dir='ltr'><strong>(T)</strong></span> <span class='ocrx_word' id='word_1_665' title='bbox 793 5632 826 5683; x_wconf 91' lang='grc'><strong>32</strong></span> <span class='ocrx_word' id='word_1_666' title='bbox 845 5628 971 5698; x_wconf 88' lang='lat' dir='ltr'><strong>uenisset]</strong></span> <span class='ocrx_word' id='word_1_667' title='bbox 988 5633 1116 5695; x_wconf 79' lang='lat' dir='ltr'><strong>presbyter</strong></span> <span class='ocrx_word' id='word_1_668' title='bbox 1133 5637 1178 5681; x_wconf 78' lang='lat' dir='ltr'><strong>aut</strong></span> <span class='ocrx_word' id='word_1_669' title='bbox 1196 5630 1255 5679; x_wconf 86' lang='lat' dir='ltr'><strong>cdd.</strong></span> <span class='ocrx_word' id='word_1_670' title='bbox 1276 5630 1298 5678; x_wconf 86' lang='lat' dir='ltr'><em>L</em></span> <span class='ocrx_word' id='word_1_671' title='bbox 1431 5630 1456 5675; x_wconf 90' lang='lat' dir='ltr'><strong>in</strong></span> <span class='ocrx_word' id='word_1_672' title='bbox 1475 5633 1578 5690; x_wconf 80' lang='lat' dir='ltr'><strong>aspectu</strong></span> <span class='ocrx_word' id='word_1_673' title='bbox 1597 5653 1630 5663; x_wconf 90' lang='lat'>-</span> <span class='ocrx_word' id='word_1_674' title='bbox 1648 5625 1680 5675; x_wconf 82' lang='lat'><strong>33</strong></span> <span class='ocrx_word' id='word_1_675' title='bbox 1698 5623 1837 5692; x_wconf 78' lang='lat' dir='ltr'><strong>relaxabat]</strong></span> <span class='ocrx_word' id='word_1_676' title='bbox 1855 5641 1916 5688; x_wconf 89' lang='lat' dir='ltr'><strong>quos</strong></span> <span class='ocrx_word' id='word_1_677' title='bbox 1934 5630 1975 5677; x_wconf 91' lang='lat' dir='ltr'><strong>ulr</strong></span> <span class='ocrx_word' id='word_1_678' title='bbox 1993 5629 2055 5677; x_wconf 88' lang='lat' dir='ltr'><strong>deus</strong></span> 
     </span>
     <span class='ocr_line' id='line_1_53' title="bbox 427 5718 882 5771; baseline -0.007 -2"><span class='ocrx_word' id='word_1_679' title='bbox 427 5723 545 5771; x_wconf 80' lang='lat' dir='ltr'><strong>lstlflesta</strong></span> <span class='ocrx_word' id='word_1_680' title='bbox 563 5734 722 5771; x_wconf 79' lang='lat' dir='ltr'><strong>remunerare</strong></span> <span class='ocrx_word' id='word_1_681' title='bbox 739 5720 840 5768; x_wconf 77' lang='lat' dir='ltr'><strong>luebat</strong></span> <span class='ocrx_word' id='word_1_682' title='bbox 860 5718 882 5766; x_wconf 85' lang='lat' dir='ltr'><em>L</em></span> 
     </span>
    </p>
   </div>
   <div class='ocr_carea' id='block_1_4' title="bbox 0 0 2203 6180">
    <p class='ocr_par' dir='ltr' id='par_1_9' title="bbox 0 0 2203 6180">
     <span class='ocr_line' id='line_1_54' title="bbox 0 0 2203 6180; baseline 0 0"><span class='ocrx_word' id='word_1_683' title='bbox 0 0 2203 6180; x_wconf 95' lang='lat' dir='ltr'><strong> </strong></span> 
     </span>
    </p>
   </div>
  </div>
 </body>
</html>
