4374 6186
283 422 324 482 52
892 418 1064 475 venduut
1082 417 1303 475 FORTVNATI

200 607 261 672 VII
374 606 435 689 (24)
462 606 638 672 Veniamus
660 608 702 673 ad
724 607 808 673 illud
830 608 1020 674 miraculum
1042 607 1219 674 secundum
1242 607 1354 674 ordine
1376 629 1439 675 non
1461 608 1591 675 honore.
1632 610 1747 693 Itaque
1770 629 1851 676 cum
1876 609 1935 674 vir

280 707 502 775 sanctissimus
530 709 670 792 quadam
701 711 772 776 vice
801 731 841 777 ex
869 712 919 777 sui
950 711 1048 777 officii
1071 711 1224 777 servitute
1247 731 1365 794 aquam
1387 712 1535 778 manibus
1558 712 1739 778 venerabili
1761 712 1932 798 episcopo

279 813 492 897 porrexisset,
526 832 599 878 mox
629 812 705 880 inde
734 814 881 880 balsama
907 821 1080 900 coeperunt
1101 814 1258 897 flagrare,
1292 821 1324 880 et
1345 814 1420 880 dum
1444 813 1532 880 unda
1555 822 1711 897 curreret,
1744 816 1822 881 visa
1845 823 1933 882 sunt

281 914 433 981 crismate
455 916 625 1000 respirare,
652 923 686 982 nt
708 937 790 1002 pene
813 917 956 1001 pontifex
980 917 1125 983 crederet
1147 936 1182 983 se
1205 936 1318 982 manus
1341 918 1446 1002 magis
1469 938 1612 1001 unguere
1634 938 1730 1002 qnam
1754 919 1875 985 lavare
1893 925 1932 984 et

280 1018 399 1084 alteras
429 1037 532 1102 aquas
561 1027 746 1102 quaereret,
780 1026 817 1085 ut
845 1019 967 1104 priores
990 1019 1095 1085 undas
1117 1020 1273 1086 ablueret.
1327 1022 1385 1104 (25)
1414 1021 1485 1099 Quo
1507 1020 1577 1087 viso
1599 1021 1752 1087 sacerdos
1773 1041 1969 1088 venera-s

279 1120 389 1187 biliter
417 1121 649 1207 obstupescens
678 1123 738 1188 deo
767 1124 888 1208 gratias
918 1123 959 1190 de
991 1131 1141 1209 conperto
1168 1143 1301 1189 munere
1331 1123 1440 1190 retulit
1468 1130 1500 1189 et
1529 1124 1623 1189 beato
1645 1124 1798 1191 Marcello
1823 1145 1929 1191 reve-

279 1224 415 1290 rentiam
445 1224 486 1290 de
515 1224 673 1308 religione
695 1227 853 1307 servavit,
888 1226 964 1291 dum
989 1246 1062 1292 eum
1084 1247 1148 1292 non
1169 1227 1268 1292 talem
1291 1227 1346 1311 qui
1368 1226 1503 1293 serviret
1526 1227 1584 1292 sed
1606 1228 1711 1312 potius
1735 1228 1786 1293 cui
1810 1229 1929 1295 servi-

279 1334 368 1394 retur
394 1328 537 1410 agnovit.
597 1331 657 1410 (26)
685 1328 777 1395 Vnde
811 1330 883 1411 quis
916 1335 1041 1395 tantum
1075 1328 1304 1395 subdiaconem
1337 1329 1514 1396 admiretur
1547 1329 1722 1414 condigne,
1759 1331 1793 1396 in
1825 1331 1928 1397 cuius

280 1430 414 1497 dextera
443 1451 484 1497 ex
510 1451 597 1515 aqua
618 1431 739 1498 fiebant
761 1432 839 1497 vina
862 1434 914 1498 vel
937 1433 1084 1498 balsama
1106 1438 1139 1498 et
1160 1433 1317 1497 undarum
1340 1433 1446 1518 pallor
1468 1434 1580 1500 autin
1602 1435 1716 1501 rubore
1739 1453 1927 1501 conversus

279 1541 329 1601 est
361 1542 416 1600 aut
450 1534 569 1600 odoret
611 1535 680 1600 Iam
714 1541 789 1601 tunc
819 1535 886 1600 illis
915 1536 1193 1620 praefigurabatur
1221 1535 1350 1601 indiciis
1378 1537 1503 1602 futurus
1533 1537 1675 1622 pontifex
1706 1537 1762 1620 qui
1792 1537 1984 1622 dignusne

279 1645 367 1704 esset
389 1637 506 1703 crisma
528 1644 681 1719 tractare,
714 1645 840 1704 etcum
863 1639 969 1704 adhuc
993 1638 1206 1705 subdiaconus
1230 1639 1393 1705 hausisset
1415 1640 1531 1705 crisma
1554 1639 1595 1706 de
1617 1639 1764 1722 flumine,
1797 1640 1925 1707 merito

279 1739 397 1822 dignm
419 1747 498 1820 erat,
524 1747 560 1806 ut
581 1741 686 1806 factus
708 1741 859 1807 sacerdos
882 1742 944 1807 hoc
966 1740 1160 1807 sacrificaret
1182 1741 1215 1806 in
1239 1742 1338 1808 ionte.

179 1843 258 1908 VIII
371 1844 433 1926 (27)
461 1843 548 1909 illud
577 1863 702 1926 quoque
732 1845 921 1928 mysterium
944 1844 1071 1910 reticeri
1092 1864 1157 1909 non
1179 1844 1292 1925 debet,
1326 1843 1411 1926 quod
1434 1844 1559 1929 proficit
1581 1845 1735 1925 auditori,
1770 1845 1924 1928 quiade

277 1945 391 2030 paucis
420 1966 504 2029 quae
534 1946 687 2012 memoria
714 1948 898 2013 recoluntur
925 1946 1080 2031 quidquid
1110 1947 1230 2013 dictum
1254 1967 1317 2013 non
1339 1946 1436 2013 suerit
1457 1955 1512 2012 aut
1534 1947 1671 2013 invideri
1693 1949 1835 2015 creditur
1856 1959 1924 2016 aut

279 2049 450 2131 contemni.
513 2051 575 2133 (28)
605 2051 710 2133 Igitur
742 2049 873 2133 quidam
909 2050 1045 2116 clericus
1079 2050 1257 2116 Nonnicius
1291 2050 1417 2116 nomine
1451 2071 1605 2116 annorum
1638 2052 1763 2118 circiter
1795 2051 1921 2119 decem
1946 2073 1980 2113 rs

277 2158 407 2236 propter
435 2153 647 2220 suavissimae
676 2154 764 2221 vocis
792 2154 985 2220 tinnibulum
1015 2161 1048 2219 et
1077 2153 1259 2219 dulcedinis
1282 2173 1438 2237 organum
1462 2153 1502 2219 de
1525 2154 1617 2220 fauce
1638 2156 1814 2240 prolatum,
1848 2176 1923 2239 qua

277 2255 484 2338 contingebat
505 2256 628 2322 animos
651 2257 761 2342 populi
784 2257 949 2337 delectari,
976 2276 1047 2322 cum
1070 2275 1260 2341 repercussa
1280 2255 1316 2320 in
1338 2256 1471 2322 auribus
1494 2257 1590 2322 solita
1612 2265 1698 2323 esset
1720 2278 1800 2323 aura
1816 2258 1923 2324 blan-

277 2356 357 2437 dire,
383 2357 492 2423 iussus
514 2366 564 2424 est
585 2359 627 2425 ab
650 2360 877 2426 archidiacone
901 2359 1026 2425 mellita
1047 2358 1263 2425 teneritudine
1286 2358 1471 2425 decantare.
1523 2362 1583 2443 (29)
1612 2360 1681 2439 Quo
1705 2361 1789 2427 iacto
1812 2382 1922 2446 prae·

277 2461 361 2547 cepit
388 2462 494 2547 ipsum
522 2482 657 2547 puemm
686 2463 856 2549 episcopus
886 2462 1046 2546 flagellari
1076 2464 1117 2529 ob
1147 2461 1224 2543 hoc,
1256 2463 1332 2545 quie
1354 2464 1490 2529 alterum
1513 2463 1652 2530 iusserat
1673 2464 1743 2549 ipse
1766 2472 1917 2531 cantare.

275 2565 389 2648 Itaque
419 2565 496 2630 dum
525 2566 662 2632 clericus
693 2566 853 2647 caeditur,
886 2567 1057 2652 episcopus
1080 2566 1193 2650 lingua
1216 2565 1398 2631 damnatur.
1445 2566 1520 2631 Mox
1543 2568 1628 2632 enim
1652 2575 1688 2634 ut
1708 2568 1830 2634 elamor
1851 2589 1921 2634 va-
1942 2586 1977 2629 ao

276 2668 420 2752 pulantis
442 2669 475 2734 in
498 2689 576 2735 aure
599 2670 724 2750 sonuit,
751 2690 813 2735 vox
838 2670 879 2734 ab
902 2689 955 2735 cre
980 2668 1129 2735 discessit
1151 2676 1184 2735 et
1205 2689 1286 2734 novo
1309 2668 1471 2754 praedone
1495 2689 1608 2735 sonum
1631 2670 1806 2755 captivavit
1828 2692 1920 2756 pon-

275 2770 370 2837 tificis
392 2792 454 2837 vox
477 2772 621 2838 infantis.
675 2774 734 2854 (30)
763 2772 828 2838 Sed
851 2772 878 2837 si
902 2791 999 2837 causa
1017 2771 1094 2838 iaoti
1112 2771 1292 2854 requiritur,
1319 2792 1375 2838 cur
1390 2773 1569 2855 contigerit,
1595 2773 1766 2841 invenitur.
1806 2774 1918 2840 Deni-

276 2894 337 2957 que
366 2875 421 2957 qui
450 2895 585 2960 puerum
614 2882 745 2942 cantare
774 2875 951 2960 prohibuit,
986 2875 1118 2959 pertulit
1140 2874 1227 2940 vocis
1251 2874 1442 2960 dispendia,
1476 2876 1552 2959 quia
1573 2877 1707 2943 vocibus
1728 2877 1914 2946 invidebat.

276 2976 336 3043 Oui
359 2997 435 3060 ergo
458 2999 521 3043 non
537 2987 630 3043 nocet
643 2976 776 3056 invidia,
805 2979 830 3042 si
848 2978 1000 3063 episcopo
1015 2997 1080 3043 non
1094 2978 1239 3062 pepercit
1253 2978 1394 3043 vindIcta
1404 2984 1418 3042 ‘l
1466 2981 1526 3059 (31)
1554 2978 1647 3045 Vnde
1662 2979 1808 3063 quisquis
1823 2982 1918 3064 quod

275 3080 308 3144 in
338 3080 475 3145 alterum
506 3080 616 3146 videre
644 3100 708 3146 non
736 3081 823 3166 cupit
851 3101 914 3145 non
943 3080 1087 3161 habebit,
1121 3080 1217 3146 immo
1248 3080 1308 3146 hcc
1330 3080 1391 3146 sibi
1414 3081 1556 3165 denegat
1576 3082 1662 3166 quod
1684 3082 1766 3148 alios
1788 3083 1917 3152 habere
1938 3103 1975 3145 as

275 3203 338 3248 non
362 3188 462 3267 optet.
511 3182 622 3248 Omnis
645 3183 731 3248 enim
754 3183 810 3266 qui
832 3183 927 3248 alteri
950 3184 1079 3268 lapsum
1102 3193 1195 3266 parat
1218 3183 1283 3248 iam
1306 3184 1439 3265 cecidit,
1472 3191 1504 3250 et
1526 3193 1699 3268 antequam
1720 3185 1854 3251 inducat
1878 3187 1916 3253 in

275 3286 444 3369 laqueum,
481 3291 608 3352 tenetur
635 3286 708 3370 ipse
736 3286 919 3371 captivante
949 3292 1083 3371 peccato
1114 3286 1249 3369 ligatus,
1283 3307 1355 3352 cum
1384 3288 1489 3371 magis
1520 3288 1547 3352 si
1576 3288 1731 3373 prolicere
1760 3288 1916 3356 volumus

274 3388 411 3455 aliorum
444 3389 607 3474 profectus
640 3396 768 3455 nostros
801 3409 875 3456 esse
910 3389 1090 3455 credamus.
1149 3393 1210 3473 (32)
1239 3390 1351 3473 Itaque
1381 3390 1467 3456 idem
1499 3390 1650 3457 sacerdos
1680 3409 1739 3475 per
1767 3390 1914 3458 triduum

275 3493 336 3558 etsi
364 3491 593 3557 deambulabat
621 3513 678 3577 per
707 3492 863 3576 compita,
895 3501 1003 3558 tamen
1034 3492 1162 3558 iacebat
1190 3492 1303 3576 lingua
1333 3494 1472 3577 sepulta.
1520 3493 1593 3558 Non
1622 3493 1707 3559 enim
1730 3512 1828 3559 sonus
1849 3514 1916 3579 po-

273 3602 358 3662 teret
387 3614 577 3681 repercussa
605 3595 705 3681 palati
734 3615 862 3661 camera
892 3597 1049 3661 resultare
1073 3615 1133 3662 neo
1155 3595 1239 3660 intra
1262 3614 1371 3679 sepem
1395 3596 1538 3662 dentium
1561 3616 1624 3661 vox
1647 3596 1760 3678 lingua
1782 3603 1914 3665 rotante
1935 3618 1973 3661 ao

274 3698 420 3784 disponi,
454 3699 512 3764 sed
542 3705 642 3764 totum
670 3699 757 3783 quod
779 3699 966 3784 perdiderat
988 3718 1041 3764 ore
1064 3706 1152 3764 muto
1175 3698 1344 3783 prodebat.
1397 3701 1457 3783 (33)
1485 3700 1576 3765 Tunc
1597 3700 1712 3765 beatus
1734 3700 1914 3767 Marcellus

273 3801 324 3867 his
353 3802 461 3869 verbis
492 3802 638 3888 appellat
667 3801 866 3888 pontificem:
900 3801 991 3867 Licet
1019 3802 1224 3884 intellegam,
1258 3811 1368 3887 pastor
1390 3803 1490 3885 bone,
1524 3804 1583 3870 tibi
1611 3804 1708 3870 talem
1732 3822 1843 3869 casum
1867 3805 1914 3871 de

274 3906 370 3990 culpa
399 3906 546 3989 venisse,
578 3912 688 3972 tamen
717 3905 875 3990 quidquid
904 3904 1010 3970 visin
1032 3904 1162 3971 nomine
1186 3905 1307 3971 domiui
1330 3925 1476 3973 sermone
1499 3927 1684 3992 pmrumpe.
1730 3906 1789 3971 His
1812 3905 1914 3974 dietis

273 4008 379 4075 adhuc
407 4010 494 4075 beati
516 4009 660 4074 Marcelli
690 4027 793 4075 sermo
825 4008 1013 4073 volvebatur
1040 4008 1074 4073 in
1104 4027 1157 4072 ore
1188 4015 1221 4073 et
1248 4009 1312 4073 iam
1344 4009 1430 4090 quod
1458 4009 1674 4095 imperaverat
1703 4008 1909 4077 oboediebat.

279 4115 339 4193 (31)
374 4111 500 4179 Deinde
528 4120 700 4195 antequam
730 4113 792 4177 iste
821 4111 1013 4194 explicaret,
1047 4109 1103 4175 illc
1132 4109 1298 4194 respoudit
1327 4110 1438 4177 dicens
1452 4136 1465 4175 :.
1491 4112 1555 4178 Vos
1586 4111 1665 4176 mihi
1693 4113 1753 4177 hoc
1783 4111 1913 4180 fecistis
1936 4135 1974 4178 os

272 4235 405 4298 quorum
435 4215 535 4280 iussio
564 4214 641 4293 fuit,
676 4222 711 4280 ut
739 4215 821 4280 alter
851 4220 994 4279 cantaret
1016 4233 1112 4297 quarn
1134 4232 1195 4296 ego
1218 4233 1458 4298 praeceperam.
1506 4216 1548 4280 Et
1569 4215 1645 4281 dum
1667 4215 1731 4280 isia
1753 4215 1908 4299 loquitur,

272 4317 412 4383 amissae
435 4317 523 4382 vocis
546 4317 651 4400 gratia
673 4317 875 4382 reformatur.
929 4317 990 4399 (35)
1018 4315 1208 4381 Omeritum
1225 4317 1422 4393 subdiaconi,
1450 4318 1504 4401 qui
1519 4338 1629 4385 rocem
1645 4318 1783 4385 restituit
1798 4338 1914 4384 sacer-

272 4419 339 4486 doti
369 4426 401 4485 et
430 4437 524 4485 versa
546 4419 618 4484 vice
641 4419 726 4502 quod
748 4420 895 4505 accipere
918 4418 1031 4485 debuit
1052 4418 1114 4483 hoc
1136 4418 1283 4499 indulsit,
1318 4420 1373 4502 qui
1397 4420 1521 4486 debiles
1545 4421 1657 4487 fauces
1679 4421 1816 4487 armavit
1838 4422 1914 4489 elo-

361 4680 371 4730 1
393 4678 492 4748 ordine]
510 4683 536 4729 in
554 4682 641 4729 ordine
660 4682 682 4728 Ρ
802 4695 859 4728 cum
876 4685 932 4741 post
951 4681 1126 4729 seuetIssimus
1145 4693 1266 4740 superest.
1288 4678 1324 4725 Ρ1
1448 4679 1462 4729 2
1481 4694 1513 4729 ex
1533 4677 1584 4746 sui]
1602 4683 1665 4730 exui
1683 4682 1706 4729 P
1827 4680 1843 4730 3
1862 4696 1914 4732 ex-

271 4768 330 4815 inde
349 4768 372 4814 Ρ
519 4767 534 4817 8
552 4767 733 4816 subdiaconum
755 4767 794 4827 (Ρ)
947 4765 963 4815 9
981 4768 1096 4814 ruborem
1114 4791 1148 4802 -
1169 4765 1318 4814 teodoraci
1339 4764 1379 4826 (Ρ)
1538 4767 1568 4815 10
1587 4768 1701 4816 futurum
1719 4769 1866 4831 pontificem
1889 4773 1915 4818 Ρ

274 4851 301 4901 11
323 4849 360 4918 et]
378 4853 422 4901 eed
440 4854 529 4903 Sarius
676 4855 761 4902 hausit
779 4853 801 4899 Ρ
958 4852 988 4903 12
1007 4848 1110 4917 dignus]
1130 4865 1177 4902 cm.
1195 4854 1217 4898 Ρ
1363 4847 1403 4918 ut]
1422 4860 1448 4900 et
1466 4854 1488 4900 Ρ
1634 4854 1762 4913 sc‘rilcmet,
1782 4869 1834 4903 ras.
1855 4859 1867 4902 t
1889 4858 1914 4904 Ρ

273 4937 304 4987 13
322 4939 478 4989 auditoribus
497 4941 540 5001 qr'ri
559 4954 623 5002 qnae
642 4941 760 4989 memorie
779 4941 802 4986 Ρ
933 4938 963 4988 15
983 4935 1129 5005 nonnicius]
1149 4938 1176 4997 Ρ,
1199 4939 1330 4986 nonnitius
1348 4937 1378 4996 P,
1400 4940 1536 4987 mintucius
1556 4938 1645 4987 Sarius
1776 4939 1806 4989 ib
1825 4942 1911 4990 tinni-

271 5022 372 5092 bulum]
391 5026 420 5085 P,
440 5027 587 5074 tinnibilum
606 5027 637 5088 Ρ,
658 5026 862 5074 tintinnabulum
881 5026 971 5074 durius
1096 5024 1126 5074 li
1146 5026 1252 5084 contigit
1271 5024 1294 5070 Ρ
1406 5031 1474 5073 esset
1492 5021 1564 5091 rure]
1583 5025 1614 5088 P,
1634 5027 1667 5074 sit
1684 5041 1745 5074 rurs
1764 5026 1791 5087 Ρ,
1813 5033 1839 5074 et
1857 5041 1909 5077 eu·

270 5114 338 5161 ribus
357 5112 446 5161 durius
562 5106 687 5179 blandire]
705 5112 729 5158 Ρ
851 5110 881 5160 18
900 5112 1071 5160 archidiacono
1095 5110 1133 5173 (Ρ)
1253 5112 1387 5158 teneritate
1406 5111 1527 5159 melliflua
1546 5110 1635 5159 Suriae
1741 5110 1773 5160 20
1792 5112 1908 5161 creditur

270 5197 316 5257 Pl,
337 5212 398 5248 corr.
506 5199 659 5260 episcopii*
778 5195 807 5245 21
831 5211 897 5245 erem
916 5197 939 5243 P
1049 5199 1161 5247 resonuit
1180 5199 1203 5244 Ρ
1312 5195 1373 5264 uox]
1392 5200 1448 5245 eius
1467 5196 1525 5246 cdd.
1541 5197 1628 5245 Surdus
1750 5197 1909 5259 2311111011-

269 5285 382 5334 dlumF
496 5283 529 5333 21
548 5287 664 5346 quitquls
683 5280 761 5350 quod]
780 5285 807 5344 Ρ,
828 5285 885 5345 quis
903 5283 969 5345 quod
989 5283 1017 5343 P,
1039 5286 1155 5346 quiaquIs
1173 5283 1228 5332 cod.
1243 5282 1313 5332 Serti
1435 5282 1467 5332 25
1487 5279 1604 5349 alterum]
1625 5284 1648 5330 Ρ
1760 5283 1829 5332 babit
1847 5282 1872 5331 P

269 5366 389 5437 deneget]
408 5370 458 5433 ΡΡ,
480 5384 528 5420 cm.
550 5370 602 5420 cod.
620 5369 699 5432 Serti,
719 5370 802 5433 perdit
819 5371 900 5430 suppl.
917 5368 1005 5418 Surlue
1126 5370 1158 5419 tt
1178 5367 1282 5436 lIgetus]
1300 5383 1348 5418 em.
1363 5371 1387 5417 Ρ
1488 5376 1543 5418 tum
1562 5369 1652 5419 Sarrae
1768 5369 1802 5420 28
1820 5369 1905 5419 eidem

269 5459 368 5517 Suriae,
388 5472 438 5507 om.
453 5457 477 5503 Ρ
607 5456 639 5506 29
659 5457 732 5505 deam
748 5452 752 5521 Ι
768 5458 835 5504 labet
853 5457 877 5503 Ρ
979 5462 1091 5518 compete
1107 5458 1131 5504 Ρ
1234 5453 1342 5522 iacebat]
1359 5459 1387 5504 in
1406 5455 1502 5505 adds
1605 5469 1655 5505 non
1672 5462 1769 5519 poterat
1788 5469 1864 5504 sonus
1886 5458 1910 5504 Ρ

270 5544 302 5593 311
319 5545 397 5606 peleti
415 5539 522 5610 camera]
541 5542 574 5604 cs.
597 5544 701 5591 Fortun.
727 5543 752 5590 V.
769 5542 804 5590 11.
826 5542 871 5604 IV,
894 5546 927 5590 rc
944 5547 966 5589 et
984 5557 1062 5603 supra
1078 5558 1103 5603 p.
1120 5544 1162 5607 10,
1183 5545 1199 5591 l.
1216 5546 1249 5592 11
1373 5557 1450 5603 sepen
1469 5542 1499 5598 P,
1521 5552 1592 5606 septa
1610 5544 1633 5590 Ρ
1759 5541 1791 5590 32
1810 5543 1860 5590 tale
1882 5541 1907 5590 P

269 5629 302 5679 33
321 5632 411 5679 uenire
424 5630 523 5690 Suriae,
539 5629 583 5677 sed
596 5628 653 5677 odd.
671 5629 694 5675 Ρ
798 5625 830 5676 36
849 5624 937 5694 quum]
949 5642 1024 5690 quem
1037 5628 1134 5677 cdd?
1219 5629 1290 5676 ital*
1392 5627 1423 5676 37
1443 5631 1534 5677 emisse
1547 5631 1616 5677 uocis
1629 5616 1707 5689 greti⁸
1724 5631 1852 5689 reperetur
1869 5629 1901 5690 Ρ,

269 5716 409 5782 gretIsp‘tP
