4374 6186
915 411 1009 467 VITA
1027 409 1165 467 sunum
1183 407 1344 463 LEOBINI.
1902 409 1942 468 75

318 608 494 675 Leobinum
525 607 704 673 discedere.
764 607 824 684 (15)
852 602 975 667 Nolens
1004 600 1113 684 itaque
1143 599 1193 664 vir
1220 605 1350 663 sanctus
1380 595 1564 661 huiusmodi
1593 596 1856 680 persuasionibus
1884 594 1944 660 ad·

318 713 493 796 quiescere,
521 710 643 776 fortiter
664 707 817 775 resistens
841 712 960 771 ettam
984 723 1100 786 vagum
1123 702 1254 767 fratrem
1277 699 1311 764 in
1333 719 1390 765 suo
1414 699 1566 765 comitatu
1589 699 1707 764 habere
1722 707 1939 778 contemnens,

318 814 501 881 continuato
524 810 741 895 quinquennio
764 810 799 874 in
821 808 932 874 eodem
957 811 1168 872 commoratus
1190 810 1240 870 cst
1262 802 1423 869 coenobio.

410 918 472 1000 (16)
500 917 626 981 interea
655 915 732 980 dum
754 913 949 978 Francorum
978 909 1059 974 dura
1089 907 1239 974 ferocitas
1261 912 1373 972 contra
1394 903 1641 987 Burgundiones
1664 904 1752 970 belia
1774 904 1947 970 concitaret
1969 902 1997 967 V

284 1029 353 1086 set
382 1019 526 1086 eiusdem
556 1018 658 1084 ceilae
678 1014 836 1082 monachi
866 1035 975 1081 corum
1006 1018 1091 1078 metu
1114 1010 1176 1077 hnc
1198 1011 1341 1092 illucque
1364 1008 1574 1091 diffugerent,
1610 1007 1793 1092 praedictus
1816 1015 1946 1073 sanctus

320 1144 392 1190 cum
424 1123 524 1189 altero
555 1140 633 1187 sene
662 1120 730 1185 illie
759 1116 913 1184 remansit
940 1115 1129 1198 intrepidus.
1177 1111 1405 1197 interpellatus
1427 1130 1504 1193 ergo
1526 1111 1582 1176 iiie
1605 1111 1688 1176 aiter
1709 1130 1808 1176 senex
1830 1131 1851 1175 a
1873 1111 1947 1175 bar-

320 1226 424 1307 baris,
460 1232 495 1290 nt
522 1244 574 1290 res
605 1222 791 1288 monasterii
820 1227 905 1287 totas
934 1218 1105 1303 panderet,
1141 1215 1307 1301 respoudit
1328 1215 1458 1280 beatum
1482 1214 1658 1280 Leobinum
1682 1234 1792 1280 omnes
1815 1213 1946 1280 easdem

323 1349 373 1395 res
403 1328 499 1408 scire,
536 1348 571 1394 se
602 1333 709 1392 antem
738 1325 778 1390 ab
809 1343 920 1390 earum
950 1320 1131 1405 cognitione
1160 1320 1301 1385 alienum
1323 1337 1407 1384 esse.
1459 1319 1520 1401 (17)
1548 1318 1618 1383 Hac
1641 1336 1718 1401 ergo
1741 1316 1947 1383 excusatione

321 1433 378 1498 iiio
411 1431 517 1517 priore
551 1451 641 1511 senc¹
662 1430 704 1495 ab
736 1427 941 1512 inquisitione
971 1425 1123 1504 liberato,
1161 1429 1332 1508 coeperunt
1361 1420 1519 1506 praedicti
1547 1420 1676 1486 barbari
1704 1419 1865 1486 hominem
1895 1420 1948 1486 dei

273 1550 302 1590 ⁸0
324 1535 463 1601 molliter
484 1533 616 1617 alioqui,
642 1539 677 1598 ut
698 1532 726 1597 si
747 1530 826 1616 quid
849 1551 890 1596 ex
913 1527 1035 1594 eisdem
1059 1528 1154 1593 rebus
1175 1532 1285 1591 nosset
1307 1524 1565 1610 praesentialiter
1586 1523 1752 1608 panderet.
1797 1521 1948 1600 Quicum

321 1659 380 1722 per
407 1658 480 1704 eum
508 1638 576 1704 suis
605 1634 832 1702 blandimentis
860 1631 941 1697 nihil
971 1637 1102 1716 possent
1131 1649 1171 1695 ex
1194 1629 1245 1694 his
1268 1648 1350 1712 quae
1373 1627 1571 1712 quaerebant
1592 1626 1805 1710 investigare,
1841 1626 1949 1691 multi-

321 1741 615 1826 modapoenarum
637 1758 759 1823 genera
781 1735 1001 1820 excogitantes
1024 1752 1185 1819 apponere
1207 1737 1375 1817 temptant.
1434 1732 1495 1814 (18)
1521 1730 1605 1795 Nam
1628 1728 1764 1795 frontem
1787 1729 1857 1795 eius
1879 1750 1949 1796 cor-

323 1843 374 1909 dis
404 1842 526 1909 fortiter
554 1841 788 1908 circumdantes
819 1846 851 1905 et
879 1837 979 1923 pedes
1009 1837 1148 1903 fustibus
1178 1834 1414 1919 adstringentes
1443 1842 1475 1899 ct
1503 1853 1601 1917 saepe
1631 1854 1704 1899 cum
1733 1832 1767 1897 in
1789 1834 1950 1918 gurgitem

323 1947 576 2029 submergentes,
604 1945 687 2010 siout
707 1964 767 2010 nec
789 1941 957 2008 blanditiis
979 1941 1025 2006 ita
1047 1959 1107 2006 nec
1128 1939 1294 2005 tormentis
1313 1939 1355 2004 ab
1370 1957 1408 2003 eo
1423 1935 1548 2021 aliquid
1563 1943 1752 2021 extorquere
1767 1944 1947 2022 potuerunt.

273 2069 303 2109 rs
323 2048 460 2114 Sanctus
493 2068 569 2114 vero
600 2047 759 2114 Leobinus
792 2047 876 2111 inter
909 2053 1077 2127 utrumque
1112 2048 1297 2109 constanter
1324 2040 1502 2126 perdurans
1533 2040 1648 2107 maluit
1677 2040 1760 2107 ferre
1790 2041 1950 2126 supplicia

323 2151 502 2234 iniquomm
525 2172 623 2235 quam
646 2151 790 2216 revelare
814 2155 940 2214 secreta
960 2147 1201 2213 monachorum.

415 2255 475 2337 (19)
503 2255 562 2320 iiis
595 2272 710 2337 nempe
744 2251 912 2336 suppliciis
945 2249 1172 2316 miserabiliter
1201 2246 1356 2326 afflictus,
1395 2247 1470 2312 iicet
1499 2247 1675 2313 semivivus
1705 2246 1816 2312 divina
1844 2255 1952 2313 tamcn
1975 2243 2017 2307 Vi

324 2357 523 2440 suffragante
548 2376 610 2441 ope
633 2362 780 2441 ereptus,
813 2353 958 2420 decrerit
980 2373 1051 2418 cum
1074 2352 1199 2417 duobus
1222 2350 1375 2415 fratribus
1397 2349 1549 2416 Eulronio
1572 2356 1604 2416 et
1626 2350 1757 2416 Rustico
1780 2349 1869 2415 adire
1891 2349 1953 2415 ite·
2040 2353 2044 2361 '

325 2481 394 2525 rum
417 2468 563 2525 sanctum
585 2459 714 2526 Avitum
738 2458 771 2522 in
794 2464 887 2523 vasta
910 2456 1024 2522 Pestici
1048 2454 1221 2520 solitudine
1243 2460 1500 2534 commorantem,
1526 2472 1606 2535 qnos
1628 2452 1684 2519 ilie
1708 2452 1850 2518 fraterna
1871 2452 1953 2518 cari-

274 2582 305 2623 11
325 2571 392 2629 tate
422 2563 604 2648 suscipiens
634 2571 666 2628 et
695 2562 769 2627 iilos
792 2562 872 2627 duos
895 2560 1011 2625 iratres
1034 2557 1215 2643 praedictos
1237 2577 1295 2642 per
1318 2576 1459 2640 congrua
1482 2555 1542 2621 sibi
1566 2554 1674 2621 officia
1695 2554 1884 2640 disponens,
1920 2563 1954 2620 ut

325 2667 475 2750 cognovit
503 2666 591 2733 beati
615 2666 676 2731 viri
698 2671 836 2730 mentem
861 2663 994 2729 caelesti
1015 2661 1157 2728 bonitate
1180 2659 1310 2726 uberius
1334 2659 1526 2738 enitescere,
1560 2679 1633 2724 eum
1656 2658 1778 2723 cellarii
1801 2656 1956 2743 praefecit

325 2769 443 2835 officio.
496 2772 557 2852 (211)
585 2769 622 2832 In
645 2767 736 2834 cuins
757 2765 927 2833 ministerii
950 2763 1189 2850 dispensatione
1211 2763 1258 2828 ita
1280 2782 1315 2828 se
1338 2761 1478 2828 reddidit
1501 2760 1681 2846 providum,
1708 2769 1743 2826 ut
1757 2781 1817 2827 nec
1833 2760 1955 2845 petenti

326 2872 450 2955 aliquid
481 2871 571 2937 daret
601 2869 796 2956 superfluum
818 2889 878 2935 nec
899 2866 1060 2951 indigenti
1082 2886 1258 2950 congruum
1282 2864 1484 2931 subtraheret
1505 2864 1703 2930 alimentum.
1751 2863 1842 2930 Adeo
1865 2883 1956 2928 nam-

327 2995 389 3059 que
411 2976 526 3041 beatus
548 2975 662 3039 Avitus
685 2973 754 3039 cius
777 2971 965 3055 obsequium
989 2970 1051 3036 sibi
1074 2976 1284 3055 conspexerat
1306 2976 1449 3053 gratum,
1478 2975 1513 3033 nt
1535 2987 1613 3033 suae
1636 2965 1820 3051 fragilitatis
1843 2984 1956 3051 corpus

275 3098 307 3139 as
326 3076 446 3145 ieiunio
479 3084 675 3144 maceratum
709 3083 741 3142 et
773 3076 863 3142 senio
897 3074 1106 3140 adtenuatum
1140 3073 1229 3138 nullo
1263 3072 1392 3139 tandem
1427 3071 1579 3137 alimento
1608 3070 1752 3137 reficeret
1780 3069 1842 3136 nisi
1873 3067 1964 3152 qucd'

328 3182 441 3248 beatus
465 3181 625 3248 Leobinus
648 3199 708 3245 sua
729 3178 889 3244 industria
912 3182 1149 3262 praeparasset.

419 3286 481 3366 (21)
508 3284 642 3350 Factum
672 3289 722 3348 est
750 3288 873 3361 autem,
910 3288 946 3346 ut
975 3300 1046 3345 oum
1070 3279 1218 3344 dominus
1240 3278 1328 3343 beati
1349 3278 1436 3345 Aviti
1460 3277 1637 3344 solitarium
1660 3276 1802 3342 laborem
1825 3277 1958 3343 caelesti
1982 3272 2049 3337 vll.

328 3387 476 3453 mercede
505 3405 713 3452 remunerans
741 3385 877 3451 terrenis
907 3389 1089 3467 exemptum
1118 3380 1359 3466 impedimentis
1386 3381 1420 3445 in
1450 3380 1590 3463 collegio
1620 3387 1801 3445 sanctorum
1829 3399 1957 3444 suorum

329 3497 591 3555 connumeratum
615 3488 765 3568 haberet,
800 3494 931 3552 sanctus
954 3484 1117 3551 Leobinus
1139 3504 1211 3549 cum
1235 3483 1409 3567 praedictis
1431 3483 1558 3549 duobus
1582 3481 1733 3548 fratribus
1755 3482 1788 3547 in
1811 3483 1881 3547 loco
1904 3482 1959 3566 qui

278 3611 310 3651 ³⁰
331 3599 462 3658 vocatur
485 3591 701 3657 carbonariae
731 3590 874 3656 decrerit
902 3589 1088 3654 consistere.
1136 3588 1176 3651 Et
1206 3606 1278 3652 cum
1308 3585 1498 3668 aliquandiu
1527 3586 1559 3650 in
1589 3585 1692 3651 tribus
1721 3584 1846 3650 cellulis
1876 3605 1896 3648 a
1923 3603 1958 3649 sc

330 3693 468 3761 conditis
496 3693 640 3759 certatim
671 3693 813 3758 divinum
845 3694 1014 3777 explerent
1041 3689 1200 3771 officium,
1234 3688 1473 3754 discedentibus
1497 3689 1638 3768 duobus,
1674 3689 1784 3754 labore
1807 3707 1957 3752 manuum

332 3818 462 3862 suarum
496 3816 553 3880 per
585 3795 836 3878 quinquennium
869 3814 973 3877 aquae
1006 3802 1130 3860 tantum
1164 3792 1277 3879 poculo
1305 3800 1338 3858 et
1368 3791 1474 3857 sobrio
1504 3790 1624 3857 ibidem
1652 3797 1764 3876 pastus
1795 3795 1844 3855 est
1875 3789 1957 3854 cibo.

337 3901 399 3982 (22)
426 3899 506 3965 Cum
529 3904 637 3964 autern
660 3897 783 3964 aestivo
806 3905 949 3983 tempore
972 3904 1144 3981 proventus
1167 3896 1327 3961 fructuum
1349 3895 1483 3961 instaret
1505 3901 1537 3960 et
1559 3902 1703 3960 maturae
1723 3899 1851 3976 segetes
1866 3891 1960 3957 tritae

333 4002 455 4068 horreis
485 4000 615 4069 recondi
644 4001 811 4079 deberent,
847 3999 955 4066 subita
982 4000 1067 4066 aeris
1095 4000 1207 4068 oborta
1229 4005 1404 4084 tempestas
1427 3998 1473 4064 ita
1496 3997 1651 4063 silvarum
1673 3996 1845 4080 frangebat
1866 4015 1961 4061 cacu-

280 4124 313 4165 11
333 4105 421 4170 mina
443 4113 476 4171 et
490 4124 613 4171 messes
629 4104 791 4170 sternebat
805 4105 838 4170 in
855 4111 982 4186 terram,
1009 4112 1044 4170 ut
1057 4104 1091 4169 in
1107 4111 1248 4186 stragem
1264 4101 1394 4188 penitus
1410 4101 1595 4167 viderentur
1609 4099 1724 4183 redigi.
1777 4101 1838 4181 (23)
1866 4100 1961 4166 Com-

255 4195 262 4204 *
333 4214 437 4274 motus
461 4228 538 4292 ergo
561 4207 609 4272 vir
632 4207 685 4273 dei
706 4214 815 4274 tantae
829 4207 1101 4274 incommoditatis
1116 4207 1269 4292 periculo,
1298 4212 1407 4271 contra
1422 4202 1608 4269 huiusmodi
1623 4202 1723 4267 nimbi
1739 4208 1960 4288 tempestatem

333 4312 527 4378 caelestibus
555 4311 654 4376 armis
684 4309 882 4376 orationibus
912 4310 1064 4376 videlicet
1091 4328 1126 4375 se
1156 4309 1334 4389 inarmans,
1369 4308 1475 4373 oleum
1507 4326 1618 4373 sacrae
1647 4305 1880 4372 benedictionis
1903 4306 1961 4372 ob-

333 4435 457 4500 ponens
484 4435 546 4481 non
577 4414 679 4479 solum
703 4412 830 4495 fulgora
852 4420 884 4479 et
905 4413 1044 4478 tonitrua
1065 4417 1289 4495 tempestatem
1312 4410 1504 4476 concitantia
1526 4408 1602 4476 fecit
1625 4409 1851 4492 conquiescere
1875 4409 1961 4474 etin

333 4519 500 4604 pristinam
531 4515 796 4599 tranquillitatem
828 4517 913 4582 aeris
942 4514 1181 4599 quassationem
1210 4513 1329 4591 redire,
1366 4513 1424 4579 sed
1454 4513 1586 4597 insuper
1613 4511 1765 4595 quicquid
1795 4514 1898 4579 celiae
1928 4512 1961 4576 in

424 4863 522 4913 18-211
542 4883 573 4905 =
599 4860 825 4912 121111111111111.
847 4862 900 4923 111,
924 4864 954 4910 19
977 4862 1039 4922 (ΑΛ.
1061 4859 1106 4910 88.
1130 4863 1170 4909 rt.
1186 4860 1244 4908 inu.
1266 4859 1319 4920 111,
1337 4874 1362 4920 p.
1379 4860 1449 4920 δὺῗ).

422 4949 524 4999 27-23
543 4949 576 4996 od
594 4949 698 4998 baberet
716 4969 745 4991 =
771 4947 797 4996 V.
814 4951 881 4996 Aviti
901 4949 915 4994 1
922 4946 947 5009 V,
970 4949 1002 4996 23
1024 4949 1049 5008 (t.
1071 4947 1087 4996 l.
1107 4961 1134 5007 p.
1149 4947 1220 5005 338),
1241 4947 1352 5008 sequitur
1368 4945 1466 5005 beatus,
1488 4943 1556 5005 infru
1573 4959 1598 5006 p.
1615 4947 1655 4997 tr.
1677 4945 1695 4993 i.
1710 4947 1752 4994 31.

422 5273 679 5335 «iburgondioneso
801 5271 1014 5336 diupelintuso
1119 5269 1174 5340 ille]
1194 5272 1281 5330 cnud
1399 5272 1551 5330 itotiusO
1670 5269 1700 5320 10
1719 5271 1912 5333 praesentaliter
1931 5267 1963 5327 0¹

339 5359 366 5409 ll
389 5360 560 5422 bladimentis,
583 5360 653 5420 iufra
672 5360 784 5408 bisditiis
803 5358 823 5418 O
965 5358 995 5408 12
1014 5373 1137 5421 opponere
1159 5358 1180 5417 (l
1301 5359 1381 5407 cordis
1399 5358 1506 5407 iroutem
1525 5359 1580 5405 eius
1600 5356 1620 5415 O
1762 5355 1792 5404 15
1811 5351 1964 5422 constanter]

335 5444 476 5503 firmiterQ
584 5445 614 5495 18
633 5444 792 5503 euformioO
894 5444 1148 5504 1911111111111110
1248 5443 1281 5494 20
1299 5446 1422 5508 recipiens
1438 5442 1475 5505 {O}
1578 5442 1608 5492 21
1630 5439 1752 5510 bonitate]
1766 5440 1930 5500 uoluntateO

335 5547 396 5581 eum
415 5559 450 5568 —
469 5531 501 5580 23
521 5528 684 5599 alimentum]
702 5546 760 5581 eum
778 5533 863 5580 intimi
881 5534 971 5581 amoris
990 5531 1114 5581 desiderio
1132 5534 1199 5595 cepit
1214 5531 1241 5580 V.
1254 5533 1321 5579 Aviti
1425 5528 1457 5578 21
1477 5526 1627 5595 solitarium]
1644 5529 1729 5588 omo
1834 5526 1867 5576 28
1886 5541 1965 5576 exuo·

337 5621 372 5667 tis
392 5617 434 5681 0¹,
454 5624 559 5666 exutum
579 5614 611 5675 Qu
716 5631 818 5667 suorum
836 5623 978 5667 sanctornm
999 5618 1050 5684 0,
1125 5617 1157 5667 23
1176 5612 1290 5684 sanctus]
1308 5619 1397 5666 beatus
1418 5614 1456 5679 (01
1565 5614 1596 5664 31
1615 5616 1699 5664 borres
1714 5614 1744 5674 Ol
1850 5613 1965 5664 381111-

336 5712 478 5769 pertenuem
498 5704 528 5764 0¹

1702 5801 1756 5854 10⁹
