<?xml version="1.0" encoding="UTF-8"?>
<!DOCTYPE html PUBLIC "-//W3C//DTD XHTML 1.0 Transitional//EN"
    "http://www.w3.org/TR/xhtml1/DTD/xhtml1-transitional.dtd">
<html xmlns="http://www.w3.org/1999/xhtml" xml:lang="en" lang="en">
 <head>
  <title>
</title>
<meta http-equiv="Content-Type" content="text/html;charset=utf-8" />
  <meta name='ocr-system' content='tesseract 3.04.00' />
  <meta name='ocr-capabilities' content='ocr_page ocr_carea ocr_par ocr_line ocrx_word'/>
</head>
<body>
  <div class='ocr_page' id='page_1' title='image "./venantihonoricl00unkngoog_0483.png"; bbox 0 0 4374 6186; ppageno 0'>
   <div class='ocr_carea' id='block_1_1' title="bbox 990 396 1219 452">
    <p class='ocr_par' dir='ltr' id='par_1_1' title="bbox 990 396 1219 452">
     <span class='ocr_line' id='line_1_1' title="bbox 990 396 1219 452; baseline -0.009 0"><span class='ocrx_word' id='word_1_1' title='bbox 990 396 1219 452; x_wconf 81' lang='lat' dir='ltr'><strong>l&#39;ltOOMMlVM.</strong></span> 
     </span>
    </p>
   </div>
   <div class='ocr_carea' id='block_1_2' title="bbox 835 705 1379 790">
    <p class='ocr_par' dir='ltr' id='par_1_2' title="bbox 835 705 1379 790">
     <span class='ocr_line' id='line_1_2' title="bbox 835 705 1379 790; baseline 0 -2"><span class='ocrx_word' id='word_1_2' title='bbox 835 707 894 788; x_wconf 92' lang='lat' dir='ltr'><strong>Vl.</strong></span> <span class='ocrx_word' id='word_1_3' title='bbox 930 706 1043 790; x_wconf 78' lang='lat' dir='ltr'><strong>Vl&#39;ld</strong></span> <span class='ocrx_word' id='word_1_4' title='bbox 1070 706 1106 789; x_wconf 85' lang='lat' dir='ltr'><strong>S.</strong></span> <span class='ocrx_word' id='word_1_5' title='bbox 1136 705 1379 790; x_wconf 79' lang='lat' dir='ltr'><strong>MARCELLI.</strong></span> 
     </span>
    </p>
   </div>
   <div class='ocr_carea' id='block_1_3' title="bbox 288 894 1921 1582">
    <p class='ocr_par' dir='ltr' id='par_1_3' title="bbox 288 894 1921 1582">
     <span class='ocr_line' id='line_1_3' title="bbox 378 894 1921 982; baseline 0.001 -20"><span class='ocrx_word' id='word_1_6' title='bbox 378 896 458 962; x_wconf 85' lang='lat' dir='ltr'><strong>Cum</strong></span> <span class='ocrx_word' id='word_1_7' title='bbox 480 897 585 962; x_wconf 88' lang='lat' dir='ltr'><strong>Vitam</strong></span> <span class='ocrx_word' id='word_1_8' title='bbox 608 895 754 962; x_wconf 84' lang='lat' dir='ltr'><strong>Marcelli</strong></span> <span class='ocrx_word' id='word_1_9' title='bbox 776 896 969 961; x_wconf 87' lang='lat' dir='ltr'><strong>Fortunatus</strong></span> <span class='ocrx_word' id='word_1_10' title='bbox 991 895 1081 960; x_wconf 91' lang='lat' dir='ltr'><strong>iussu</strong></span> <span class='ocrx_word' id='word_1_11' title='bbox 1105 894 1258 961; x_wconf 80' lang='lat' dir='ltr'><strong>Germani</strong></span> <span class='ocrx_word' id='word_1_12' title='bbox 1279 894 1472 961; x_wconf 79' lang='lat' dir='ltr'><strong>Parisiorum</strong></span> <span class='ocrx_word' id='word_1_13' title='bbox 1496 895 1655 982; x_wconf 88' lang='lat' dir='ltr'><strong>episcopi,</strong></span> <span class='ocrx_word' id='word_1_14' title='bbox 1691 897 1742 962; x_wconf 92' lang='lat' dir='ltr'><strong>cui</strong></span> <span class='ocrx_word' id='word_1_15' title='bbox 1769 918 1840 963; x_wconf 88' lang='lat' dir='ltr'><strong>eam</strong></span> <span class='ocrx_word' id='word_1_16' title='bbox 1864 897 1921 965; x_wconf 91' lang='lat' dir='ltr'><strong>de-</strong></span> 
     </span>
     <span class='ocr_line' id='line_1_4' title="bbox 291 1014 1920 1102; baseline 0.003 -22"><span class='ocrx_word' id='word_1_17' title='bbox 291 1014 420 1097; x_wconf 87' lang='lat' dir='ltr'><strong>dicavit,</strong></span> <span class='ocrx_word' id='word_1_18' title='bbox 446 1016 626 1102; x_wconf 78' lang='lat' dir='ltr'><strong>scripserit,</strong></span> <span class='ocrx_word' id='word_1_19' title='bbox 659 1022 733 1082; x_wconf 89' lang='lat' dir='ltr'><strong>ante</strong></span> <span class='ocrx_word' id='word_1_20' title='bbox 756 1036 787 1080; x_wconf 92' lang='lat' dir='ltr'><strong>a.</strong></span> <span class='ocrx_word' id='word_1_21' title='bbox 814 1019 885 1095; x_wconf 81' lang='lat'><strong>576,</strong></span> <span class='ocrx_word' id='word_1_22' title='bbox 920 1016 996 1080; x_wconf 90' lang='lat' dir='ltr'><strong>Mai.</strong></span> <span class='ocrx_word' id='word_1_23' title='bbox 1023 1018 1074 1097; x_wconf 84' lang='lat'><strong>28,</strong></span> <span class='ocrx_word' id='word_1_24' title='bbox 1109 1034 1171 1099; x_wconf 91' lang='lat' dir='ltr'><strong>quo</strong></span> <span class='ocrx_word' id='word_1_25' title='bbox 1194 1014 1373 1081; x_wconf 89' lang='lat' dir='ltr'><strong>Germanus</strong></span> <span class='ocrx_word' id='word_1_26' title='bbox 1396 1015 1488 1099; x_wconf 90' lang='lat' dir='ltr'><strong>obiit,</strong></span> <span class='ocrx_word' id='word_1_27' title='bbox 1522 1036 1593 1081; x_wconf 91' lang='lat' dir='ltr'><strong>eam</strong></span> <span class='ocrx_word' id='word_1_28' title='bbox 1617 1017 1824 1101; x_wconf 86' lang='lat' dir='ltr'><strong>compositam</strong></span> <span class='ocrx_word' id='word_1_29' title='bbox 1848 1038 1920 1085; x_wconf 91' lang='lat' dir='ltr'><strong>esse</strong></span> 
     </span>
     <span class='ocr_line' id='line_1_5' title="bbox 289 1135 1919 1223; baseline 0.002 -24"><span class='ocrx_word' id='word_1_30' title='bbox 289 1154 421 1202; x_wconf 89' lang='lat' dir='ltr'><strong>neccsse</strong></span> <span class='ocrx_word' id='word_1_31' title='bbox 450 1143 509 1202; x_wconf 87' lang='lat' dir='ltr'><strong>cst.</strong></span> <span class='ocrx_word' id='word_1_32' title='bbox 556 1138 616 1203; x_wconf 92' lang='lat' dir='ltr'><strong>Vel</strong></span> <span class='ocrx_word' id='word_1_33' title='bbox 647 1157 685 1202; x_wconf 92' lang='lat' dir='ltr'><strong>co</strong></span> <span class='ocrx_word' id='word_1_34' title='bbox 712 1142 855 1220; x_wconf 91' lang='lat' dir='ltr'><strong>tempore</strong></span> <span class='ocrx_word' id='word_1_35' title='bbox 884 1142 975 1202; x_wconf 91' lang='lat' dir='ltr'><strong>actus</strong></span> <span class='ocrx_word' id='word_1_36' title='bbox 1006 1135 1040 1200; x_wconf 80' lang='lat' dir='ltr'><strong>S.</strong></span> <span class='ocrx_word' id='word_1_37' title='bbox 1065 1135 1211 1202; x_wconf 84' lang='lat' dir='ltr'><strong>Marcelli</strong></span> <span class='ocrx_word' id='word_1_38' title='bbox 1244 1138 1436 1221; x_wconf 88' lang='lat' dir='ltr'><strong>‘temporum</strong></span> <span class='ocrx_word' id='word_1_39' title='bbox 1460 1142 1620 1203; x_wconf 87' lang='lat' dir='ltr'><strong>vetustate</strong></span> <span class='ocrx_word' id='word_1_40' title='bbox 1643 1138 1788 1223; x_wconf 83' lang='lat' dir='ltr'><strong>subrepti</strong></span> <span class='ocrx_word' id='word_1_41' title='bbox 1812 1140 1919 1204; x_wconf 87' lang='lat' dir='ltr'><strong>erant&#39;</strong></span> 
     </span>
     <span class='ocr_line' id='line_1_6' title="bbox 288 1255 1915 1344; baseline 0.002 -24"><span class='ocrx_word' id='word_1_42' title='bbox 288 1261 385 1339; x_wconf 85' lang='lat' dir='ltr'><strong>atque</strong></span> <span class='ocrx_word' id='word_1_43' title='bbox 412 1259 534 1341; x_wconf 88' lang='lat' dir='ltr'><strong>‘pauca</strong></span> <span class='ocrx_word' id='word_1_44' title='bbox 556 1257 597 1323; x_wconf 91' lang='lat' dir='ltr'><strong>dc</strong></span> <span class='ocrx_word' id='word_1_45' title='bbox 619 1257 690 1324; x_wconf 90' lang='lat' dir='ltr'><strong>eius</strong></span> <span class='ocrx_word' id='word_1_46' title='bbox 713 1257 813 1341; x_wconf 85' lang='lat' dir='ltr'><strong>gestis</strong></span> <span class='ocrx_word' id='word_1_47' title='bbox 836 1255 985 1322; x_wconf 88' lang='lat' dir='ltr'><strong>felicibus</strong></span> <span class='ocrx_word' id='word_1_48' title='bbox 1008 1263 1099 1322; x_wconf 89' lang='lat' dir='ltr'><strong>erant</strong></span> <span class='ocrx_word' id='word_1_49' title='bbox 1120 1255 1163 1321; x_wconf 95' lang='lat' dir='ltr'><strong>ad</strong></span> <span class='ocrx_word' id='word_1_50' title='bbox 1185 1276 1226 1322; x_wconf 91' lang='lat' dir='ltr'><strong>ca</strong></span> <span class='ocrx_word' id='word_1_51' title='bbox 1248 1262 1394 1341; x_wconf 88' lang='lat' dir='ltr'><strong>tempora</strong></span> <span class='ocrx_word' id='word_1_52' title='bbox 1416 1257 1571 1324; x_wconf 83' lang='lat' dir='ltr'><strong>relatione</strong></span> <span class='ocrx_word' id='word_1_53' title='bbox 1592 1257 1720 1325; x_wconf 86' lang='lat' dir='ltr'><strong>vivente</strong></span> <span class='ocrx_word' id='word_1_54' title='bbox 1736 1258 1915 1344; x_wconf 80' lang='lat' dir='ltr'><strong>perducta&#39;.</strong></span> 
     </span>
     <span class='ocr_line' id='line_1_7' title="bbox 289 1375 1913 1465; baseline 0.001 -24"><span class='ocrx_word' id='word_1_55' title='bbox 289 1375 395 1441; x_wconf 88' lang='lat' dir='ltr'><strong>Vitam</strong></span> <span class='ocrx_word' id='word_1_56' title='bbox 410 1376 555 1444; x_wconf 84' lang='lat' dir='ltr'><strong>Marcelli</strong></span> <span class='ocrx_word' id='word_1_57' title='bbox 571 1379 765 1444; x_wconf 87' lang='lat' dir='ltr'><strong>Fortunatus</strong></span> <span class='ocrx_word' id='word_1_58' title='bbox 780 1376 974 1460; x_wconf 87' lang='lat' dir='ltr'><strong>Radegundi</strong></span> <span class='ocrx_word' id='word_1_59' title='bbox 988 1377 1106 1442; x_wconf 88' lang='lat' dir='ltr'><strong>absens</strong></span> <span class='ocrx_word' id='word_1_60' title='bbox 1122 1376 1218 1458; x_wconf 87' lang='lat' dir='ltr'><strong>misit,</strong></span> <span class='ocrx_word' id='word_1_61' title='bbox 1246 1375 1297 1442; x_wconf 94' lang='lat' dir='ltr'><strong>bis</strong></span> <span class='ocrx_word' id='word_1_62' title='bbox 1312 1377 1461 1443; x_wconf 88' lang='lat' dir='ltr'><strong>versibus</strong></span> <span class='ocrx_word' id='word_1_63' title='bbox 1477 1377 1598 1444; x_wconf 89' lang='lat' dir='ltr'><strong>additis</strong></span> <span class='ocrx_word' id='word_1_64' title='bbox 1621 1380 1716 1461; x_wconf 81' lang='lat' dir='ltr'><strong>(Fort.</strong></span> <span class='ocrx_word' id='word_1_65' title='bbox 1736 1379 1819 1465; x_wconf 91' lang='lat' dir='ltr'><strong>Opp.</strong></span> <span class='ocrx_word' id='word_1_66' title='bbox 1838 1381 1864 1460; x_wconf 85' lang='grc' dir='ltr'><strong>Ι,</strong></span> <span class='ocrx_word' id='word_1_67' title='bbox 1887 1386 1913 1455; x_wconf 83' lang='grc'><strong>1,</strong></span> 
     </span>
     <span class='ocr_line' id='line_1_8' title="bbox 289 1498 855 1582; baseline 0.002 -21"><span class='ocrx_word' id='word_1_68' title='bbox 289 1515 322 1580; x_wconf 93' lang='lat' dir='ltr'><strong>p.</strong></span> <span class='ocrx_word' id='word_1_69' title='bbox 341 1499 415 1579; x_wconf 79' lang='grc'><strong>287,</strong></span> <span class='ocrx_word' id='word_1_70' title='bbox 441 1498 525 1582; x_wconf 86' lang='lat' dir='ltr'><strong>App.</strong></span> <span class='ocrx_word' id='word_1_71' title='bbox 552 1517 579 1562; x_wconf 90' lang='lat' dir='ltr'><strong>c.</strong></span> <span class='ocrx_word' id='word_1_72' title='bbox 599 1498 705 1580; x_wconf 87' lang='lat' dir='ltr'>XXII,</span> <span class='ocrx_word' id='word_1_73' title='bbox 731 1518 762 1563; x_wconf 89' lang='lat' dir='ltr'><strong>v.</strong></span> <span class='ocrx_word' id='word_1_74' title='bbox 785 1499 855 1582; x_wconf 84' lang='lat'>15):</span> 
     </span>
    </p>
   </div>
   <div class='ocr_carea' id='block_1_4' title="bbox 699 1619 1500 2012">
    <p class='ocr_par' dir='ltr' id='par_1_4' title="bbox 699 1619 1500 1803">
     <span class='ocr_line' id='line_1_9' title="bbox 699 1619 1500 1701; baseline 0.001 -20"><span class='ocrx_word' id='word_1_75' title='bbox 699 1620 770 1682; x_wconf 85' lang='lat' dir='ltr'><strong>binc</strong></span> <span class='ocrx_word' id='word_1_76' title='bbox 793 1619 847 1682; x_wconf 89' lang='lat' dir='ltr'><strong>tibi</strong></span> <span class='ocrx_word' id='word_1_77' title='bbox 869 1639 950 1682; x_wconf 87' lang='lat' dir='ltr'><strong>nunc</strong></span> <span class='ocrx_word' id='word_1_78' title='bbox 972 1619 1081 1681; x_wconf 86' lang='lat' dir='ltr'><strong>absens</strong></span> <span class='ocrx_word' id='word_1_79' title='bbox 1104 1620 1246 1683; x_wconf 84' lang='lat' dir='ltr'><strong>Marcelli</strong></span> <span class='ocrx_word' id='word_1_80' title='bbox 1267 1639 1397 1682; x_wconf 75' lang='lat' dir='ltr'><strong>mumma</strong></span> <span class='ocrx_word' id='word_1_81' title='bbox 1419 1622 1500 1701; x_wconf 89' lang='lat' dir='ltr'><strong>misi,</strong></span> 
     </span>
     <span class='ocr_line' id='line_1_10' title="bbox 785 1722 1443 1803; baseline -0.003 -17"><span class='ocrx_word' id='word_1_82' title='bbox 785 1726 835 1786; x_wconf 89' lang='lat' dir='ltr'><strong>cui</strong></span> <span class='ocrx_word' id='word_1_83' title='bbox 856 1723 938 1786; x_wconf 81' lang='lat' dir='ltr'><strong>dedit</strong></span> <span class='ocrx_word' id='word_1_84' title='bbox 959 1725 1114 1786; x_wconf 81' lang='lat' dir='ltr'><strong>eaecelsum</strong></span> <span class='ocrx_word' id='word_1_85' title='bbox 1137 1725 1202 1784; x_wconf 86' lang='lat' dir='ltr'><strong>vita</strong></span> <span class='ocrx_word' id='word_1_86' title='bbox 1225 1722 1314 1785; x_wconf 90' lang='lat' dir='ltr'><strong>beata</strong></span> <span class='ocrx_word' id='word_1_87' title='bbox 1337 1725 1443 1803; x_wconf 88' lang='lat' dir='ltr'><strong>locum,</strong></span> 
     </span>
    </p>

    <p class='ocr_par' dir='ltr' id='par_1_5' title="bbox 699 1825 1458 2012">
     <span class='ocr_line' id='line_1_11' title="bbox 699 1825 1378 1908; baseline 0 -20"><span class='ocrx_word' id='word_1_88' title='bbox 699 1834 727 1889; x_wconf 87' lang='lat' dir='ltr'><strong>et</strong></span> <span class='ocrx_word' id='word_1_89' title='bbox 748 1828 776 1888; x_wconf 89' lang='lat' dir='ltr'><strong>si</strong></span> <span class='ocrx_word' id='word_1_90' title='bbox 798 1827 981 1908; x_wconf 81' lang='lat' dir='ltr'><strong>displiceant</strong></span> <span class='ocrx_word' id='word_1_91' title='bbox 1004 1826 1127 1908; x_wconf 82' lang='lat' dir='ltr'><strong>indipno</strong></span> <span class='ocrx_word' id='word_1_92' title='bbox 1150 1825 1245 1888; x_wconf 89' lang='lat' dir='ltr'><strong>verba</strong></span> <span class='ocrx_word' id='word_1_93' title='bbox 1267 1826 1378 1906; x_wconf 87' lang='lat' dir='ltr'><strong>relatu,</strong></span> 
     </span>
     <span class='ocr_line' id='line_1_12' title="bbox 785 1930 1458 2012; baseline 0 -21"><span class='ocrx_word' id='word_1_94' title='bbox 785 1930 982 2012; x_wconf 74' lang='lat' dir='ltr'><strong>complaceant</strong></span> <span class='ocrx_word' id='word_1_95' title='bbox 1003 1931 1104 1991; x_wconf 73' lang='lat' dir='ltr'><strong>amineo</strong></span> <span class='ocrx_word' id='word_1_96' title='bbox 1127 1931 1217 2012; x_wconf 83' lang='lat' dir='ltr'><strong>sr&#39;pna</strong></span> <span class='ocrx_word' id='word_1_97' title='bbox 1238 1949 1375 2012; x_wconf 88' lang='lat' dir='ltr'><strong>superna</strong></span> <span class='ocrx_word' id='word_1_98' title='bbox 1397 1939 1458 1993; x_wconf 86' lang='lat' dir='ltr'><strong>luo.</strong></span> 
     </span>
    </p>
   </div>
   <div class='ocr_carea' id='block_1_5' title="bbox 282 2042 1915 2621">
    <p class='ocr_par' dir='ltr' id='par_1_6' title="bbox 282 2042 1915 2621">
     <span class='ocr_line' id='line_1_13' title="bbox 285 2042 1915 2135; baseline 0 -22"><span class='ocrx_word' id='word_1_99' title='bbox 285 2047 392 2116; x_wconf 80' lang='lat' dir='ltr'><strong>Etiam</strong></span> <span class='ocrx_word' id='word_1_100' title='bbox 414 2049 588 2135; x_wconf 80' lang='lat' dir='ltr'><strong>Gregorius</strong></span> <span class='ocrx_word' id='word_1_101' title='bbox 610 2049 645 2116; x_wconf 93' lang='lat' dir='ltr'><strong>in</strong></span> <span class='ocrx_word' id='word_1_102' title='bbox 667 2050 757 2115; x_wconf 88' lang='lat' dir='ltr'><strong>Glor.</strong></span> <span class='ocrx_word' id='word_1_103' title='bbox 782 2047 876 2114; x_wconf 84' lang='lat' dir='ltr'><strong>Cani.</strong></span> <span class='ocrx_word' id='word_1_104' title='bbox 901 2067 929 2125; x_wconf 86' lang='lat' dir='ltr'><strong>c.</strong></span> <span class='ocrx_word' id='word_1_105' title='bbox 956 2050 995 2111; x_wconf 91' lang='grc'><strong>87</strong></span> <span class='ocrx_word' id='word_1_106' title='bbox 1019 2046 1071 2113; x_wconf 88' lang='lat' dir='ltr'><strong>his</strong></span> <span class='ocrx_word' id='word_1_107' title='bbox 1093 2047 1201 2113; x_wconf 87' lang='lat' dir='ltr'><strong>verbis</strong></span> <span class='ocrx_word' id='word_1_108' title='bbox 1223 2042 1294 2114; x_wconf 81' lang='lat' dir='ltr'><strong>ciris</strong></span> <span class='ocrx_word' id='word_1_109' title='bbox 1316 2048 1510 2114; x_wconf 90' lang='lat' dir='ltr'><strong>mentionem</strong></span> <span class='ocrx_word' id='word_1_110' title='bbox 1533 2048 1624 2114; x_wconf 84' lang='lat' dir='ltr'><strong>fecit:</strong></span> <span class='ocrx_word' id='word_1_111' title='bbox 1655 2052 1821 2114; x_wconf 85' lang='lat' dir='ltr'><strong>Marcellus</strong></span> <span class='ocrx_word' id='word_1_112' title='bbox 1844 2071 1915 2113; x_wconf 83' lang='lat' dir='ltr'><strong>vero</strong></span> 
     </span>
     <span class='ocr_line' id='line_1_14' title="bbox 287 2171 1915 2255; baseline 0.001 -22"><span class='ocrx_word' id='word_1_113' title='bbox 287 2174 465 2235; x_wconf 86' lang='lat' dir='ltr'><strong>Parisiacce</strong></span> <span class='ocrx_word' id='word_1_114' title='bbox 486 2173 573 2235; x_wconf 90' lang='lat' dir='ltr'><strong>urbis</strong></span> <span class='ocrx_word' id='word_1_115' title='bbox 596 2175 763 2255; x_wconf 78' lang='lat' dir='ltr'><strong>episcopua,</strong></span> <span class='ocrx_word' id='word_1_116' title='bbox 790 2173 844 2255; x_wconf 87' lang='lat' dir='ltr'><strong>pui</strong></span> <span class='ocrx_word' id='word_1_117' title='bbox 864 2171 1026 2254; x_wconf 70' lang='lat' dir='ltr'><strong>praecidam,</strong></span> <span class='ocrx_word' id='word_1_118' title='bbox 1052 2177 1087 2232; x_wconf 90' lang='lat' dir='ltr'><strong>ut</strong></span> <span class='ocrx_word' id='word_1_119' title='bbox 1109 2172 1140 2231; x_wconf 87' lang='lat' dir='ltr'><strong>in</strong></span> <span class='ocrx_word' id='word_1_120' title='bbox 1160 2171 1226 2232; x_wconf 89' lang='lat' dir='ltr'><strong>eius</strong></span> <span class='ocrx_word' id='word_1_121' title='bbox 1248 2172 1313 2233; x_wconf 89' lang='lat' dir='ltr'><strong>vita</strong></span> <span class='ocrx_word' id='word_1_122' title='bbox 1335 2173 1454 2254; x_wconf 86' lang='lat' dir='ltr'><strong>lepitur,</strong></span> <span class='ocrx_word' id='word_1_123' title='bbox 1482 2181 1649 2253; x_wconf 78' lang='lat' dir='ltr'><strong>serpentem</strong></span> <span class='ocrx_word' id='word_1_124' title='bbox 1672 2174 1840 2235; x_wconf 85' lang='lat' dir='ltr'><strong>inmensum</strong></span> <span class='ocrx_word' id='word_1_125' title='bbox 1862 2173 1915 2234; x_wconf 86' lang='lat' dir='ltr'><strong>boc</strong></span> 
     </span>
     <span class='ocr_line' id='line_1_15' title="bbox 284 2287 1914 2377; baseline 0.002 -24"><span class='ocrx_word' id='word_1_126' title='bbox 284 2292 406 2374; x_wconf 88' lang='lat' dir='ltr'><strong>depellit</strong></span> <span class='ocrx_word' id='word_1_127' title='bbox 427 2293 466 2356; x_wconf 89' lang='lat' dir='ltr'><strong>ab</strong></span> <span class='ocrx_word' id='word_1_128' title='bbox 489 2295 609 2377; x_wconf 88' lang='lat' dir='ltr'><strong>oppido.</strong></span> <span class='ocrx_word' id='word_1_129' title='bbox 656 2291 817 2358; x_wconf 92' lang='lat' dir='ltr'><strong>Libellum</strong></span> <span class='ocrx_word' id='word_1_130' title='bbox 844 2312 865 2357; x_wconf 92' lang='lat' dir='ltr'><strong>a</strong></span> <span class='ocrx_word' id='word_1_131' title='bbox 886 2287 1088 2372; x_wconf 87' lang='lat' dir='ltr'><strong>Radegundc</strong></span> <span class='ocrx_word' id='word_1_132' title='bbox 1117 2287 1151 2353; x_wconf 92' lang='lat' dir='ltr'><strong>in</strong></span> <span class='ocrx_word' id='word_1_133' title='bbox 1179 2288 1375 2357; x_wconf 92' lang='lat' dir='ltr'><strong>bibliotheca</strong></span> <span class='ocrx_word' id='word_1_134' title='bbox 1404 2290 1590 2357; x_wconf 90' lang='lat' dir='ltr'><strong>monasterii</strong></span> <span class='ocrx_word' id='word_1_135' title='bbox 1614 2290 1648 2356; x_wconf 89' lang='lat' dir='ltr'><strong>S.</strong></span> <span class='ocrx_word' id='word_1_136' title='bbox 1673 2291 1785 2357; x_wconf 78' lang='lat' dir='ltr'><strong>Crucis</strong></span> <span class='ocrx_word' id='word_1_137' title='bbox 1808 2292 1914 2356; x_wconf 89' lang='lat' dir='ltr'><strong>Picta-</strong></span> 
     </span>
     <span class='ocr_line' id='line_1_16' title="bbox 282 2408 1913 2498; baseline 0.001 -22"><span class='ocrx_word' id='word_1_138' title='bbox 282 2410 404 2478; x_wconf 83' lang='lat' dir='ltr'><strong>uiensis</strong></span> <span class='ocrx_word' id='word_1_139' title='bbox 435 2412 624 2480; x_wconf 87' lang='lat' dir='ltr'><strong>collocatum</strong></span> <span class='ocrx_word' id='word_1_140' title='bbox 653 2413 751 2498; x_wconf 92' lang='lat' dir='ltr'><strong>paulo</strong></span> <span class='ocrx_word' id='word_1_141' title='bbox 781 2417 855 2497; x_wconf 89' lang='lat' dir='ltr'><strong>post</strong></span> <span class='ocrx_word' id='word_1_142' title='bbox 876 2409 1078 2476; x_wconf 86' lang='lat' dir='ltr'><strong>Baudoniuia</strong></span> <span class='ocrx_word' id='word_1_143' title='bbox 1105 2408 1204 2493; x_wconf 91' lang='lat' dir='ltr'><strong>legit,</strong></span> <span class='ocrx_word' id='word_1_144' title='bbox 1237 2417 1270 2476; x_wconf 91' lang='lat' dir='ltr'><strong>et</strong></span> <span class='ocrx_word' id='word_1_145' title='bbox 1299 2431 1371 2476; x_wconf 92' lang='lat' dir='ltr'><strong>cum</strong></span> <span class='ocrx_word' id='word_1_146' title='bbox 1402 2411 1597 2496; x_wconf 91' lang='lat' dir='ltr'><strong>prooemium</strong></span> <span class='ocrx_word' id='word_1_147' title='bbox 1627 2418 1737 2477; x_wconf 90' lang='lat' dir='ltr'><strong>ornato</strong></span> <span class='ocrx_word' id='word_1_148' title='bbox 1768 2431 1913 2477; x_wconf 92' lang='lat' dir='ltr'><strong>sermone</strong></span> 
     </span>
     <span class='ocr_line' id='line_1_17' title="bbox 282 2530 1824 2621; baseline -0.001 -24"><span class='ocrx_word' id='word_1_149' title='bbox 282 2550 472 2618; x_wconf 87' lang='lat' dir='ltr'><strong>componere</strong></span> <span class='ocrx_word' id='word_1_150' title='bbox 494 2533 567 2621; x_wconf 89' lang='lat' dir='ltr'><strong>ipsa</strong></span> <span class='ocrx_word' id='word_1_151' title='bbox 587 2532 734 2614; x_wconf 90' lang='lat' dir='ltr'><strong>nesciret,</strong></span> <span class='ocrx_word' id='word_1_152' title='bbox 761 2531 837 2598; x_wconf 90' lang='lat' dir='ltr'><strong>inde</strong></span> <span class='ocrx_word' id='word_1_153' title='bbox 860 2531 1060 2617; x_wconf 91' lang='lat' dir='ltr'><strong>potissimum</strong></span> <span class='ocrx_word' id='word_1_154' title='bbox 1083 2531 1249 2598; x_wconf 85' lang='lat' dir='ltr'><strong>Fortunati</strong></span> <span class='ocrx_word' id='word_1_155' title='bbox 1277 2536 1477 2598; x_wconf 87' lang='lat' dir='ltr'><strong>‘sermonum</strong></span> <span class='ocrx_word' id='word_1_156' title='bbox 1498 2530 1607 2598; x_wconf 87' lang='lat' dir='ltr'><strong>flores’</strong></span> <span class='ocrx_word' id='word_1_157' title='bbox 1631 2531 1737 2600; x_wconf 82' lang='lat' dir='ltr'><strong>furata</strong></span> <span class='ocrx_word' id='word_1_158' title='bbox 1759 2539 1824 2598; x_wconf 89' lang='lat' dir='ltr'><strong>est:</strong></span> 
     </span>
    </p>
   </div>
   <div class='ocr_carea' id='block_1_6' title="bbox 540 2670 860 2737">
    <p class='ocr_par' dir='ltr' id='par_1_7' title="bbox 540 2670 860 2737">
     <span class='ocr_line' id='line_1_18' title="bbox 540 2670 860 2737; baseline -0.003 0"><span class='ocrx_word' id='word_1_159' title='bbox 540 2673 624 2737; x_wconf 91' lang='lat' dir='ltr'><strong>Prol.</strong></span> <span class='ocrx_word' id='word_1_160' title='bbox 650 2671 689 2737; x_wconf 91' lang='lat' dir='ltr'><strong>V.</strong></span> <span class='ocrx_word' id='word_1_161' title='bbox 715 2670 860 2737; x_wconf 89' lang='lat' dir='ltr'><strong>Marcelli</strong></span> 
     </span>
    </p>
   </div>
   <div class='ocr_carea' id='block_1_7' title="bbox 316 2791 1085 4425">
    <p class='ocr_par' dir='ltr' id='par_1_8' title="bbox 316 2791 1085 4425">
     <span class='ocr_line' id='line_1_19' title="bbox 324 2791 1085 2875; baseline -0.001 -21"><span class='ocrx_word' id='word_1_162' title='bbox 324 2795 396 2874; x_wconf 78' lang='lat' dir='ltr'><strong>puin</strong></span> <span class='ocrx_word' id='word_1_163' title='bbox 416 2792 556 2855; x_wconf 88' lang='lat' dir='ltr'><strong>babentes</strong></span> <span class='ocrx_word' id='word_1_164' title='bbox 577 2795 662 2856; x_wconf 89' lang='lat' dir='ltr'><strong>intra</strong></span> <span class='ocrx_word' id='word_1_165' title='bbox 681 2812 714 2855; x_wconf 90' lang='lat' dir='ltr'><strong>se</strong></span> <span class='ocrx_word' id='word_1_166' title='bbox 730 2792 829 2875; x_wconf 71' lang='lat' dir='ltr'><strong>fontes</strong></span> <span class='ocrx_word' id='word_1_167' title='bbox 849 2793 1034 2875; x_wconf 78' lang='lat' dir='ltr'><strong>eloquentiae</strong></span> <span class='ocrx_word' id='word_1_168' title='bbox 1048 2791 1085 2853; x_wconf 88' lang='lat' dir='ltr'><strong>dc</strong></span> 
     </span>
     <span class='ocr_line' id='line_1_20' title="bbox 324 2895 1081 2976; baseline -0.003 -19"><span class='ocrx_word' id='word_1_169' title='bbox 324 2897 389 2976; x_wconf 91' lang='lat' dir='ltr'><strong>ipso</strong></span> <span class='ocrx_word' id='word_1_170' title='bbox 404 2898 481 2958; x_wconf 90' lang='lat' dir='ltr'><strong>sicco</strong></span> <span class='ocrx_word' id='word_1_171' title='bbox 497 2895 623 2959; x_wconf 75' lang='lat' dir='ltr'><strong>themate</strong></span> <span class='ocrx_word' id='word_1_172' title='bbox 638 2896 812 2959; x_wconf 89' lang='lat' dir='ltr'><strong>didicerunt</strong></span> <span class='ocrx_word' id='word_1_173' title='bbox 825 2895 927 2958; x_wconf 76' lang='lat' dir='ltr'><strong>aindas</strong></span> <span class='ocrx_word' id='word_1_174' title='bbox 941 2895 1081 2958; x_wconf 80' lang='lat' dir='ltr'><strong>bannire.</strong></span> 
     </span>
     <span class='ocr_line' id='line_1_21' title="bbox 326 2998 1081 3083; baseline -0.001 -23"><span class='ocrx_word' id='word_1_175' title='bbox 326 2998 406 3060; x_wconf 87' lang='lat' dir='ltr'><strong>Vnde</strong></span> <span class='ocrx_word' id='word_1_176' title='bbox 428 2999 575 3083; x_wconf 78' lang='lat' dir='ltr'><strong>quidquid</strong></span> <span class='ocrx_word' id='word_1_177' title='bbox 597 3000 659 3062; x_wconf 85' lang='lat' dir='ltr'><strong>illis</strong></span> <span class='ocrx_word' id='word_1_178' title='bbox 682 3001 852 3081; x_wconf 85' lang='lat' dir='ltr'><strong>iniunpitur</strong></span> <span class='ocrx_word' id='word_1_179' title='bbox 875 3000 1011 3060; x_wconf 84' lang='lat' dir='ltr'><strong>carmine</strong></span> <span class='ocrx_word' id='word_1_180' title='bbox 1033 2999 1081 3058; x_wconf 89' lang='lat' dir='ltr'><strong>in·</strong></span> 
     </span>
     <span class='ocr_line' id='line_1_22' title="bbox 321 3103 1082 3184; baseline 0.001 -23"><span class='ocrx_word' id='word_1_181' title='bbox 321 3103 411 3184; x_wconf 77' lang='lat' dir='ltr'><strong>ripum</strong></span> <span class='ocrx_word' id='word_1_182' title='bbox 432 3104 583 3184; x_wconf 80' lang='lat' dir='ltr'><strong>copiosius</strong></span> <span class='ocrx_word' id='word_1_183' title='bbox 606 3103 794 3184; x_wconf 76' lang='lat' dir='ltr'><strong>amplicator.</strong></span> <span class='ocrx_word' id='word_1_184' title='bbox 837 3104 944 3164; x_wconf 85' lang='lat' dir='ltr'><strong>Veram</strong></span> <span class='ocrx_word' id='word_1_185' title='bbox 958 3108 1082 3163; x_wconf 88' lang='lat' dir='ltr'><strong>econtra</strong></span> 
     </span>
     <span class='ocr_line' id='line_1_23' title="bbox 321 3205 1082 3290; baseline -0.001 -24"><span class='ocrx_word' id='word_1_186' title='bbox 321 3207 502 3289; x_wconf 81' lang='lat' dir='ltr'><strong>quicumque</strong></span> <span class='ocrx_word' id='word_1_187' title='bbox 527 3213 676 3290; x_wconf 77' lang='lat' dir='ltr'><strong>empostae</strong></span> <span class='ocrx_word' id='word_1_188' title='bbox 697 3206 915 3288; x_wconf 86' lang='lat' dir='ltr'><strong>intellepentiae</strong></span> <span class='ocrx_word' id='word_1_189' title='bbox 937 3205 1082 3267; x_wconf 88' lang='lat' dir='ltr'><strong>ariditate</strong></span> 
     </span>
     <span class='ocr_line' id='line_1_24' title="bbox 323 3308 1081 3392; baseline -0.003 -21"><span class='ocrx_word' id='word_1_190' title='bbox 323 3316 480 3371; x_wconf 88' lang='lat' dir='ltr'><strong>torrentur</strong></span> <span class='ocrx_word' id='word_1_191' title='bbox 498 3328 553 3372; x_wconf 89' lang='lat' dir='ltr'><strong>nec</strong></span> <span class='ocrx_word' id='word_1_192' title='bbox 567 3309 679 3371; x_wconf 88' lang='lat' dir='ltr'><strong>babent</strong></span> <span class='ocrx_word' id='word_1_193' title='bbox 692 3308 884 3392; x_wconf 72' lang='lat' dir='ltr'><strong>afficientium</strong></span> <span class='ocrx_word' id='word_1_194' title='bbox 900 3309 1081 3371; x_wconf 79' lang='lat' dir='ltr'><strong>inundantis</strong></span> 
     </span>
     <span class='ocr_line' id='line_1_25' title="bbox 320 3412 1080 3495; baseline 0.001 -23"><span class='ocrx_word' id='word_1_195' title='bbox 320 3412 439 3494; x_wconf 84' lang='lat' dir='ltr'><strong>elopuii,</strong></span> <span class='ocrx_word' id='word_1_196' title='bbox 464 3432 521 3494; x_wconf 90' lang='lat' dir='ltr'><strong>per</strong></span> <span class='ocrx_word' id='word_1_197' title='bbox 543 3431 635 3495; x_wconf 86' lang='lat' dir='ltr'><strong>paam</strong></span> <span class='ocrx_word' id='word_1_198' title='bbox 650 3414 698 3475; x_wconf 87' lang='lat' dir='ltr'><strong>vel</strong></span> <span class='ocrx_word' id='word_1_199' title='bbox 713 3414 790 3476; x_wconf 88' lang='lat' dir='ltr'><strong>alios</strong></span> <span class='ocrx_word' id='word_1_200' title='bbox 806 3414 928 3494; x_wconf 78' lang='lat' dir='ltr'><strong>reficere</strong></span> <span class='ocrx_word' id='word_1_201' title='bbox 942 3413 990 3474; x_wconf 86' lang='lat' dir='ltr'><strong>uel</strong></span> <span class='ocrx_word' id='word_1_202' title='bbox 1005 3430 1080 3474; x_wconf 89' lang='lat' dir='ltr'><strong>suae</strong></span> 
     </span>
     <span class='ocr_line' id='line_1_26' title="bbox 320 3517 1079 3600; baseline 0 -23"><span class='ocrx_word' id='word_1_203' title='bbox 320 3517 463 3578; x_wconf 89' lang='lat' dir='ltr'><strong>siccitatis</strong></span> <span class='ocrx_word' id='word_1_204' title='bbox 483 3519 603 3600; x_wconf 85' lang='lat' dir='ltr'><strong>possint</strong></span> <span class='ocrx_word' id='word_1_205' title='bbox 624 3518 758 3597; x_wconf 88' lang='lat' dir='ltr'><strong>inopiam</strong></span> <span class='ocrx_word' id='word_1_206' title='bbox 781 3524 968 3596; x_wconf 89' lang='lat' dir='ltr'><strong>temperare,</strong></span> <span class='ocrx_word' id='word_1_207' title='bbox 1004 3517 1079 3577; x_wconf 88' lang='lat' dir='ltr'><strong>tales</strong></span> 
     </span>
     <span class='ocr_line' id='line_1_27' title="bbox 318 3617 1079 3704; baseline -0.001 -23"><span class='ocrx_word' id='word_1_208' title='bbox 318 3638 379 3681; x_wconf 90' lang='lat' dir='ltr'><strong>non</strong></span> <span class='ocrx_word' id='word_1_209' title='bbox 395 3621 493 3682; x_wconf 87' lang='lat' dir='ltr'><strong>solnm</strong></span> <span class='ocrx_word' id='word_1_210' title='bbox 509 3621 616 3704; x_wconf 86' lang='lat' dir='ltr'><strong>aliqua</strong></span> <span class='ocrx_word' id='word_1_211' title='bbox 629 3640 690 3682; x_wconf 87' lang='lat' dir='ltr'><strong>nan</strong></span> <span class='ocrx_word' id='word_1_212' title='bbox 706 3619 776 3700; x_wconf 88' lang='lat' dir='ltr'><strong>(noa</strong></span> <span class='ocrx_word' id='word_1_213' title='bbox 789 3637 850 3682; x_wconf 92' lang='lat' dir='ltr'><strong>om.</strong></span> <span class='ocrx_word' id='word_1_214' title='bbox 866 3617 901 3701; x_wconf 81' lang='lat' dir='ltr'><strong>P)</strong></span> <span class='ocrx_word' id='word_1_215' title='bbox 915 3638 972 3700; x_wconf 91' lang='lat' dir='ltr'><strong>per</strong></span> <span class='ocrx_word' id='word_1_216' title='bbox 987 3638 1018 3682; x_wconf 89' lang='lat' dir='ltr'><strong>sc</strong></span> <span class='ocrx_word' id='word_1_217' title='bbox 1030 3620 1079 3681; x_wconf 91' lang='lat' dir='ltr'><strong>di-</strong></span> 
     </span>
     <span class='ocr_line' id='line_1_28' title="bbox 318 3722 1079 3806; baseline 0 -22"><span class='ocrx_word' id='word_1_218' title='bbox 318 3741 386 3785; x_wconf 86' lang='lat' dir='ltr'><strong>cere</strong></span> <span class='ocrx_word' id='word_1_219' title='bbox 408 3731 563 3806; x_wconf 88' lang='lat' dir='ltr'><strong>appetunt,</strong></span> <span class='ocrx_word' id='word_1_220' title='bbox 590 3742 698 3786; x_wconf 86' lang='lat' dir='ltr'><strong>oerum</strong></span> <span class='ocrx_word' id='word_1_221' title='bbox 721 3725 811 3786; x_wconf 90' lang='lat' dir='ltr'><strong>etiam</strong></span> <span class='ocrx_word' id='word_1_222' title='bbox 834 3724 863 3783; x_wconf 89' lang='lat' dir='ltr'><strong>si</strong></span> <span class='ocrx_word' id='word_1_223' title='bbox 881 3722 955 3804; x_wconf 83' lang='lat' dir='ltr'><strong>quid</strong></span> <span class='ocrx_word' id='word_1_224' title='bbox 971 3725 1013 3785; x_wconf 89' lang='lat' dir='ltr'><strong>eis</strong></span> <span class='ocrx_word' id='word_1_225' title='bbox 1030 3725 1079 3784; x_wconf 87' lang='lat' dir='ltr'><strong>in-</strong></span> 
     </span>
     <span class='ocr_line' id='line_1_29' title="bbox 383 3826 1013 3909; baseline -0.005 -20"><span class='ocrx_word' id='word_1_226' title='bbox 383 3829 519 3890; x_wconf 87' lang='lat' dir='ltr'><strong>iunctum</strong></span> <span class='ocrx_word' id='word_1_227' title='bbox 537 3826 634 3908; x_wconf 78' lang='lat' dir='ltr'><strong>fuerit</strong></span> <span class='ocrx_word' id='word_1_228' title='bbox 653 3826 905 3909; x_wconf 77' lang='lat' dir='ltr'><strong>perhorrescunt,</strong></span> <span class='ocrx_word' id='word_1_229' title='bbox 939 3845 1013 3908; x_wconf 84' lang='lat' dir='ltr'><strong>puo-</strong></span> 
     </span>
     <span class='ocr_line' id='line_1_30' title="bbox 317 3930 1077 4012; baseline -0.001 -21"><span class='ocrx_word' id='word_1_230' title='bbox 317 3931 402 3992; x_wconf 88' lang='lat' dir='ltr'><strong>niam</strong></span> <span class='ocrx_word' id='word_1_231' title='bbox 431 3938 580 4012; x_wconf 86' lang='lat' dir='ltr'><strong>puantum</strong></span> <span class='ocrx_word' id='word_1_232' title='bbox 610 3931 704 3993; x_wconf 89' lang='lat' dir='ltr'><strong>doctis</strong></span> <span class='ocrx_word' id='word_1_233' title='bbox 723 3930 867 4012; x_wconf 82' lang='lat' dir='ltr'><strong>proloqui</strong></span> <span class='ocrx_word' id='word_1_234' title='bbox 888 3936 1005 3991; x_wconf 86' lang='lat' dir='ltr'><strong>tontum</strong></span> <span class='ocrx_word' id='word_1_235' title='bbox 1028 3931 1077 3991; x_wconf 91' lang='lat' dir='ltr'><strong>in-</strong></span> 
     </span>
     <span class='ocr_line' id='line_1_31' title="bbox 317 4032 1077 4115; baseline -0.003 -21"><span class='ocrx_word' id='word_1_236' title='bbox 317 4033 410 4096; x_wconf 89' lang='lat' dir='ltr'><strong>doctis</strong></span> <span class='ocrx_word' id='word_1_237' title='bbox 437 4035 511 4096; x_wconf 76' lang='lat' dir='ltr'><strong>rutile</strong></span> <span class='ocrx_word' id='word_1_238' title='bbox 534 4035 570 4115; x_wconf 81' lang='lat' dir='ltr'><strong>fit</strong></span> <span class='ocrx_word' id='word_1_239' title='bbox 596 4043 707 4096; x_wconf 88' lang='lat' dir='ltr'><strong>tacere.</strong></span> <span class='ocrx_word' id='word_1_240' title='bbox 754 4035 832 4096; x_wconf 92' lang='lat' dir='ltr'><strong>Nam</strong></span> <span class='ocrx_word' id='word_1_241' title='bbox 861 4032 908 4094; x_wconf 89' lang='lat' dir='ltr'><strong>illi</strong></span> <span class='ocrx_word' id='word_1_242' title='bbox 933 4032 970 4093; x_wconf 89' lang='lat' dir='ltr'><strong>de</strong></span> <span class='ocrx_word' id='word_1_243' title='bbox 998 4051 1077 4113; x_wconf 88' lang='lat' dir='ltr'><strong>por-</strong></span> 
     </span>
     <span class='ocr_line' id='line_1_32' title="bbox 316 4137 1077 4220; baseline 0 -22"><span class='ocrx_word' id='word_1_244' title='bbox 316 4139 364 4199; x_wconf 87' lang='lat' dir='ltr'><strong>ois</strong></span> <span class='ocrx_word' id='word_1_245' title='bbox 379 4157 492 4220; x_wconf 84' lang='lat' dir='ltr'><strong>mapna</strong></span> <span class='ocrx_word' id='word_1_246' title='bbox 507 4138 667 4217; x_wconf 88' lang='lat' dir='ltr'><strong>disserere,</strong></span> <span class='ocrx_word' id='word_1_247' title='bbox 688 4139 740 4199; x_wconf 88' lang='lat' dir='ltr'><strong>isli</strong></span> <span class='ocrx_word' id='word_1_248' title='bbox 754 4137 790 4198; x_wconf 88' lang='lat' dir='ltr'><strong>de</strong></span> <span class='ocrx_word' id='word_1_249' title='bbox 805 4137 924 4217; x_wconf 77' lang='lat' dir='ltr'><strong>mappis</strong></span> <span class='ocrx_word' id='word_1_250' title='bbox 940 4138 1077 4198; x_wconf 87' lang='lat' dir='ltr'><strong>nesciunt</strong></span> 
     </span>
     <span class='ocr_line' id='line_1_33' title="bbox 316 4239 1076 4322; baseline 0 -21"><span class='ocrx_word' id='word_1_251' title='bbox 316 4241 365 4302; x_wconf 87' lang='lat' dir='ltr'><strong>cel</strong></span> <span class='ocrx_word' id='word_1_252' title='bbox 384 4258 489 4321; x_wconf 89' lang='lat' dir='ltr'><strong>parua</strong></span> <span class='ocrx_word' id='word_1_253' title='bbox 507 4240 668 4322; x_wconf 76' lang='lat' dir='ltr'><strong>proferre,</strong></span> <span class='ocrx_word' id='word_1_254' title='bbox 703 4247 731 4302; x_wconf 90' lang='lat' dir='ltr'><strong>et</strong></span> <span class='ocrx_word' id='word_1_255' title='bbox 753 4240 818 4302; x_wconf 90' lang='lat' dir='ltr'><strong>ideo</strong></span> <span class='ocrx_word' id='word_1_256' title='bbox 841 4239 919 4321; x_wconf 78' lang='lat' dir='ltr'><strong>prod</strong></span> <span class='ocrx_word' id='word_1_257' title='bbox 941 4239 979 4301; x_wconf 90' lang='lat' dir='ltr'><strong>ab</strong></span> <span class='ocrx_word' id='word_1_258' title='bbox 1003 4241 1076 4301; x_wconf 89' lang='lat' dir='ltr'><strong>aliis</strong></span> 
     </span>
     <span class='ocr_line' id='line_1_34' title="bbox 316 4342 851 4425; baseline -0.002 -20"><span class='ocrx_word' id='word_1_259' title='bbox 316 4345 477 4425; x_wconf 79' lang='lat' dir='ltr'><strong>quaeritur</strong></span> <span class='ocrx_word' id='word_1_260' title='bbox 499 4342 538 4404; x_wconf 89' lang='lat' dir='ltr'><strong>ab</strong></span> <span class='ocrx_word' id='word_1_261' title='bbox 560 4345 632 4407; x_wconf 88' lang='lat' dir='ltr'><strong>aliis</strong></span> <span class='ocrx_word' id='word_1_262' title='bbox 652 4343 851 4425; x_wconf 80' lang='lat' dir='ltr'><strong>formidatur.</strong></span> 
     </span>
    </p>
   </div>
   <div class='ocr_carea' id='block_1_8' title="bbox 1153 2668 1907 2875">
    <p class='ocr_par' dir='ltr' id='par_1_9' title="bbox 1153 2668 1907 2875">
     <span class='ocr_line' id='line_1_35' title="bbox 1367 2668 1699 2736; baseline 0.003 -1"><span class='ocrx_word' id='word_1_263' title='bbox 1367 2670 1452 2736; x_wconf 90' lang='lat' dir='ltr'><strong>Prol.</strong></span> <span class='ocrx_word' id='word_1_264' title='bbox 1478 2668 1699 2736; x_wconf 86' lang='lat' dir='ltr'><strong>Baudoniviae</strong></span> 
     </span>
     <span class='ocr_line' id='line_1_36' title="bbox 1153 2791 1907 2875; baseline 0.003 -23"><span class='ocrx_word' id='word_1_265' title='bbox 1153 2793 1206 2873; x_wconf 86' lang='lat' dir='ltr'><strong>pui</strong></span> <span class='ocrx_word' id='word_1_266' title='bbox 1233 2791 1374 2855; x_wconf 87' lang='lat' dir='ltr'><strong>babentes</strong></span> <span class='ocrx_word' id='word_1_267' title='bbox 1405 2794 1489 2854; x_wconf 86' lang='lat' dir='ltr'><strong>intra</strong></span> <span class='ocrx_word' id='word_1_268' title='bbox 1516 2810 1548 2854; x_wconf 88' lang='lat' dir='ltr'><strong>se</strong></span> <span class='ocrx_word' id='word_1_269' title='bbox 1573 2791 1687 2874; x_wconf 16' lang='lat' dir='ltr'><strong>sonitem</strong></span> <span class='ocrx_word' id='word_1_270' title='bbox 1714 2793 1907 2875; x_wconf 86' lang='lat' dir='ltr'><strong>eloquentiae,</strong></span> 
     </span>
    </p>
   </div>
   <div class='ocr_carea' id='block_1_9' title="bbox 1145 2997 1911 4427">
    <p class='ocr_par' dir='ltr' id='par_1_10' title="bbox 1149 2997 1911 3701">
     <span class='ocr_line' id='line_1_37' title="bbox 1152 2997 1911 3081; baseline 0.001 -20"><span class='ocrx_word' id='word_1_271' title='bbox 1152 2999 1232 3061; x_wconf 87' lang='lat' dir='ltr'><strong>unde</strong></span> <span class='ocrx_word' id='word_1_272' title='bbox 1254 2997 1402 3081; x_wconf 80' lang='lat' dir='ltr'><strong>quidquid</strong></span> <span class='ocrx_word' id='word_1_273' title='bbox 1423 2998 1485 3060; x_wconf 90' lang='lat' dir='ltr'><strong>illis</strong></span> <span class='ocrx_word' id='word_1_274' title='bbox 1509 2998 1681 3081; x_wconf 85' lang='lat' dir='ltr'><strong>iniunpitur</strong></span> <span class='ocrx_word' id='word_1_275' title='bbox 1703 3001 1840 3062; x_wconf 87' lang='lat' dir='ltr'><strong>carmine</strong></span> <span class='ocrx_word' id='word_1_276' title='bbox 1864 3020 1911 3062; x_wconf 85' lang='lat' dir='ltr'><strong>rr-</strong></span> 
     </span>
     <span class='ocr_line' id='line_1_38' title="bbox 1151 3102 1910 3186; baseline 0.001 -22"><span class='ocrx_word' id='word_1_277' title='bbox 1151 3105 1238 3186; x_wconf 82' lang='lat' dir='ltr'><strong>ripuo</strong></span> <span class='ocrx_word' id='word_1_278' title='bbox 1261 3104 1411 3183; x_wconf 87' lang='lat' dir='ltr'><strong>copiosius</strong></span> <span class='ocrx_word' id='word_1_279' title='bbox 1434 3102 1620 3183; x_wconf 79' lang='lat' dir='ltr'><strong>emplicctur.</strong></span> <span class='ocrx_word' id='word_1_280' title='bbox 1664 3105 1770 3165; x_wconf 90' lang='lat' dir='ltr'><strong>Verum</strong></span> <span class='ocrx_word' id='word_1_281' title='bbox 1788 3112 1910 3165; x_wconf 83' lang='lat' dir='ltr'><strong>econtra</strong></span> 
     </span>
     <span class='ocr_line' id='line_1_39' title="bbox 1151 3206 1910 3289; baseline 0.001 -21"><span class='ocrx_word' id='word_1_282' title='bbox 1151 3208 1329 3288; x_wconf 71' lang='lat' dir='ltr'><strong>purioremque</strong></span> <span class='ocrx_word' id='word_1_283' title='bbox 1376 3211 1525 3287; x_wconf 78' lang='lat' dir='ltr'><strong>anprrstac</strong></span> <span class='ocrx_word' id='word_1_284' title='bbox 1574 3206 1792 3289; x_wconf 86' lang='lat' dir='ltr'><strong>intellepentiae</strong></span> <span class='ocrx_word' id='word_1_285' title='bbox 1839 3216 1910 3269; x_wconf 87' lang='lat' dir='ltr'><strong>sunt</strong></span> 
     </span>
     <span class='ocr_line' id='line_1_40' title="bbox 1332 3308 1730 3391; baseline 0.005 -21"><span class='ocrx_word' id='word_1_286' title='bbox 1332 3328 1386 3371; x_wconf 88' lang='lat' dir='ltr'><strong>nec</strong></span> <span class='ocrx_word' id='word_1_287' title='bbox 1409 3308 1519 3370; x_wconf 88' lang='lat' dir='ltr'><strong>babent</strong></span> <span class='ocrx_word' id='word_1_288' title='bbox 1540 3308 1730 3391; x_wconf 71' lang='lat' dir='ltr'><strong>efficientiam</strong></span> 
     </span>
     <span class='ocr_line' id='line_1_41' title="bbox 1150 3412 1908 3496; baseline 0 -22"><span class='ocrx_word' id='word_1_289' title='bbox 1150 3414 1270 3495; x_wconf 83' lang='lat' dir='ltr'><strong>eloquii,</strong></span> <span class='ocrx_word' id='word_1_290' title='bbox 1292 3432 1350 3494; x_wconf 90' lang='lat' dir='ltr'><strong>per</strong></span> <span class='ocrx_word' id='word_1_291' title='bbox 1372 3432 1463 3496; x_wconf 76' lang='lat' dir='ltr'><strong>purim</strong></span> <span class='ocrx_word' id='word_1_292' title='bbox 1479 3414 1527 3475; x_wconf 87' lang='lat' dir='ltr'><strong>vel</strong></span> <span class='ocrx_word' id='word_1_293' title='bbox 1542 3412 1620 3474; x_wconf 90' lang='lat' dir='ltr'><strong>olios</strong></span> <span class='ocrx_word' id='word_1_294' title='bbox 1636 3414 1758 3494; x_wconf 78' lang='lat' dir='ltr'><strong>reficere</strong></span> <span class='ocrx_word' id='word_1_295' title='bbox 1773 3415 1820 3475; x_wconf 88' lang='lat' dir='ltr'><strong>uel</strong></span> <span class='ocrx_word' id='word_1_296' title='bbox 1835 3432 1908 3476; x_wconf 88' lang='lat' dir='ltr'><strong>suae</strong></span> 
     </span>
     <span class='ocr_line' id='line_1_42' title="bbox 1149 3518 1907 3599; baseline -0.003 -19"><span class='ocrx_word' id='word_1_297' title='bbox 1149 3519 1294 3580; x_wconf 86' lang='lat' dir='ltr'><strong>siccitatis</strong></span> <span class='ocrx_word' id='word_1_298' title='bbox 1313 3519 1433 3599; x_wconf 85' lang='lat' dir='ltr'><strong>possint</strong></span> <span class='ocrx_word' id='word_1_299' title='bbox 1456 3518 1588 3598; x_wconf 89' lang='lat' dir='ltr'><strong>inopiam</strong></span> <span class='ocrx_word' id='word_1_300' title='bbox 1612 3524 1796 3597; x_wconf 87' lang='lat' dir='ltr'><strong>temperare,</strong></span> <span class='ocrx_word' id='word_1_301' title='bbox 1832 3519 1907 3579; x_wconf 85' lang='lat' dir='ltr'><strong>tales</strong></span> 
     </span>
     <span class='ocr_line' id='line_1_43' title="bbox 1267 3620 1793 3701; baseline 0.002 -20"><span class='ocrx_word' id='word_1_302' title='bbox 1267 3640 1327 3681; x_wconf 89' lang='lat' dir='ltr'><strong>non</strong></span> <span class='ocrx_word' id='word_1_303' title='bbox 1351 3621 1448 3683; x_wconf 90' lang='lat' dir='ltr'><strong>solum</strong></span> <span class='ocrx_word' id='word_1_304' title='bbox 1469 3639 1526 3701; x_wconf 90' lang='lat' dir='ltr'><strong>per</strong></span> <span class='ocrx_word' id='word_1_305' title='bbox 1549 3639 1581 3681; x_wconf 92' lang='lat' dir='ltr'><strong>se</strong></span> <span class='ocrx_word' id='word_1_306' title='bbox 1604 3620 1722 3700; x_wconf 87' lang='lat' dir='ltr'><strong>alipuid</strong></span> <span class='ocrx_word' id='word_1_307' title='bbox 1744 3622 1793 3683; x_wconf 90' lang='lat' dir='ltr'><strong>di-</strong></span> 
     </span>
    </p>

    <p class='ocr_par' dir='ltr' id='par_1_11' title="bbox 1145 3724 1907 4427">
     <span class='ocr_line' id='line_1_44' title="bbox 1148 3724 1907 3806; baseline -0.001 -20"><span class='ocrx_word' id='word_1_308' title='bbox 1148 3743 1215 3787; x_wconf 87' lang='lat' dir='ltr'><strong>cere</strong></span> <span class='ocrx_word' id='word_1_309' title='bbox 1238 3731 1392 3806; x_wconf 90' lang='lat' dir='ltr'><strong>appetunt,</strong></span> <span class='ocrx_word' id='word_1_310' title='bbox 1419 3743 1526 3785; x_wconf 85' lang='lat' dir='ltr'><strong>verum</strong></span> <span class='ocrx_word' id='word_1_311' title='bbox 1549 3724 1639 3785; x_wconf 89' lang='lat' dir='ltr'><strong>etiam</strong></span> <span class='ocrx_word' id='word_1_312' title='bbox 1662 3725 1691 3785; x_wconf 89' lang='lat' dir='ltr'><strong>si</strong></span> <span class='ocrx_word' id='word_1_313' title='bbox 1712 3724 1785 3805; x_wconf 82' lang='lat' dir='ltr'><strong>quid</strong></span> <span class='ocrx_word' id='word_1_314' title='bbox 1799 3726 1842 3786; x_wconf 87' lang='lat' dir='ltr'><strong>eis</strong></span> <span class='ocrx_word' id='word_1_315' title='bbox 1857 3726 1907 3785; x_wconf 89' lang='lat' dir='ltr'><strong>in-</strong></span> 
     </span>
     <span class='ocr_line' id='line_1_45' title="bbox 1148 3828 1906 3909; baseline -0.001 -20"><span class='ocrx_word' id='word_1_316' title='bbox 1148 3831 1282 3890; x_wconf 84' lang='lat' dir='ltr'><strong>iunctum</strong></span> <span class='ocrx_word' id='word_1_317' title='bbox 1295 3828 1391 3909; x_wconf 79' lang='lat' dir='ltr'><strong>suerit</strong></span> <span class='ocrx_word' id='word_1_318' title='bbox 1402 3828 1635 3909; x_wconf 85' lang='lat' dir='ltr'><strong>pertimescunt,</strong></span> <span class='ocrx_word' id='word_1_319' title='bbox 1660 3863 1702 3873; x_wconf 98' lang='lat'>—</span> <span class='ocrx_word' id='word_1_320' title='bbox 1717 3863 1760 3873; x_wconf 91' lang='lat'>—</span> <span class='ocrx_word' id='word_1_321' title='bbox 1776 3863 1818 3872; x_wconf 91' lang='lat'><strong>·-</strong></span> <span class='ocrx_word' id='word_1_322' title='bbox 1832 3847 1906 3908; x_wconf 86' lang='lat' dir='ltr'><strong>quo-</strong></span> 
     </span>
     <span class='ocr_line' id='line_1_46' title="bbox 1145 3931 1906 4014; baseline -0.003 -21"><span class='ocrx_word' id='word_1_323' title='bbox 1145 3933 1232 3993; x_wconf 91' lang='lat' dir='ltr'><strong>niam</strong></span> <span class='ocrx_word' id='word_1_324' title='bbox 1262 3939 1411 4014; x_wconf 79' lang='lat' dir='ltr'><strong>priuatum</strong></span> <span class='ocrx_word' id='word_1_325' title='bbox 1440 3931 1533 3993; x_wconf 84' lang='lat' dir='ltr'><strong>doctis</strong></span> <span class='ocrx_word' id='word_1_326' title='bbox 1552 3932 1696 4013; x_wconf 80' lang='lat' dir='ltr'><strong>proloqui</strong></span> <span class='ocrx_word' id='word_1_327' title='bbox 1717 3939 1833 3993; x_wconf 89' lang='lat' dir='ltr'><strong>tantum</strong></span> <span class='ocrx_word' id='word_1_328' title='bbox 1858 3933 1906 3992; x_wconf 90' lang='lat' dir='ltr'><strong>in-</strong></span> 
     </span>
     <span class='ocr_line' id='line_1_47' title="bbox 1146 4034 1906 4114; baseline -0.004 -17"><span class='ocrx_word' id='word_1_329' title='bbox 1146 4035 1240 4097; x_wconf 83' lang='lat' dir='ltr'><strong>doctis</strong></span> <span class='ocrx_word' id='word_1_330' title='bbox 1256 4035 1329 4096; x_wconf 89' lang='lat' dir='ltr'><strong>utile</strong></span> <span class='ocrx_word' id='word_1_331' title='bbox 1339 4035 1373 4114; x_wconf 83' lang='lat' dir='ltr'><strong>fit</strong></span> <span class='ocrx_word' id='word_1_332' title='bbox 1385 4041 1494 4095; x_wconf 88' lang='lat' dir='ltr'><strong>tacere.</strong></span> <span class='ocrx_word' id='word_1_333' title='bbox 1520 4037 1599 4096; x_wconf 91' lang='lat' dir='ltr'><strong>Nam</strong></span> <span class='ocrx_word' id='word_1_334' title='bbox 1611 4036 1660 4097; x_wconf 85' lang='lat' dir='ltr'><strong>illi</strong></span> <span class='ocrx_word' id='word_1_335' title='bbox 1670 4035 1770 4096; x_wconf 86' lang='lat' dir='ltr'><strong>sci-unt</strong></span> <span class='ocrx_word' id='word_1_336' title='bbox 1781 4034 1817 4094; x_wconf 93' lang='lat' dir='ltr'><strong>de</strong></span> <span class='ocrx_word' id='word_1_337' title='bbox 1826 4054 1906 4114; x_wconf 91' lang='lat' dir='ltr'><strong>par-</strong></span> 
     </span>
     <span class='ocr_line' id='line_1_48' title="bbox 1146 4137 1906 4220; baseline -0.001 -22"><span class='ocrx_word' id='word_1_338' title='bbox 1146 4140 1194 4201; x_wconf 86' lang='lat' dir='ltr'><strong>ris</strong></span> <span class='ocrx_word' id='word_1_339' title='bbox 1210 4156 1323 4220; x_wconf 86' lang='lat' dir='ltr'><strong>mapna</strong></span> <span class='ocrx_word' id='word_1_340' title='bbox 1338 4137 1500 4215; x_wconf 89' lang='lat' dir='ltr'><strong>disserere,</strong></span> <span class='ocrx_word' id='word_1_341' title='bbox 1520 4139 1572 4200; x_wconf 90' lang='lat' dir='ltr'><strong>isti</strong></span> <span class='ocrx_word' id='word_1_342' title='bbox 1584 4138 1621 4199; x_wconf 91' lang='lat' dir='ltr'><strong>de</strong></span> <span class='ocrx_word' id='word_1_343' title='bbox 1635 4139 1757 4219; x_wconf 81' lang='lat' dir='ltr'><strong>mcpnis</strong></span> <span class='ocrx_word' id='word_1_344' title='bbox 1769 4140 1906 4199; x_wconf 87' lang='lat' dir='ltr'><strong>nesciunt</strong></span> 
     </span>
     <span class='ocr_line' id='line_1_49' title="bbox 1145 4239 1904 4323; baseline -0.001 -20"><span class='ocrx_word' id='word_1_345' title='bbox 1145 4243 1193 4304; x_wconf 87' lang='lat' dir='ltr'><strong>vel</strong></span> <span class='ocrx_word' id='word_1_346' title='bbox 1212 4259 1316 4322; x_wconf 87' lang='lat' dir='ltr'><strong>paruo</strong></span> <span class='ocrx_word' id='word_1_347' title='bbox 1337 4239 1493 4322; x_wconf 77' lang='lat' dir='ltr'><strong>proferre,</strong></span> <span class='ocrx_word' id='word_1_348' title='bbox 1528 4249 1555 4303; x_wconf 89' lang='lat' dir='ltr'><strong>et</strong></span> <span class='ocrx_word' id='word_1_349' title='bbox 1583 4241 1647 4303; x_wconf 91' lang='lat' dir='ltr'><strong>ideo</strong></span> <span class='ocrx_word' id='word_1_350' title='bbox 1669 4241 1749 4323; x_wconf 80' lang='lat' dir='ltr'><strong>qnod</strong></span> <span class='ocrx_word' id='word_1_351' title='bbox 1770 4239 1809 4302; x_wconf 90' lang='lat' dir='ltr'><strong>ab</strong></span> <span class='ocrx_word' id='word_1_352' title='bbox 1832 4241 1904 4302; x_wconf 87' lang='lat' dir='ltr'><strong>aliis</strong></span> 
     </span>
     <span class='ocr_line' id='line_1_50' title="bbox 1146 4343 1681 4427; baseline -0.002 -22"><span class='ocrx_word' id='word_1_353' title='bbox 1146 4345 1309 4427; x_wconf 75' lang='lat' dir='ltr'><strong>praeteritur</strong></span> <span class='ocrx_word' id='word_1_354' title='bbox 1330 4343 1369 4404; x_wconf 90' lang='lat' dir='ltr'><strong>ab</strong></span> <span class='ocrx_word' id='word_1_355' title='bbox 1392 4344 1463 4406; x_wconf 88' lang='lat' dir='ltr'><strong>aliis</strong></span> <span class='ocrx_word' id='word_1_356' title='bbox 1483 4343 1681 4424; x_wconf 77' lang='lat' dir='ltr'><strong>formidatur.</strong></span> 
     </span>
    </p>
   </div>
   <div class='ocr_carea' id='block_1_10' title="bbox 270 4460 1903 5270">
    <p class='ocr_par' dir='ltr' id='par_1_12' title="bbox 270 4460 1903 5270">
     <span class='ocr_line' id='line_1_51' title="bbox 272 4460 1900 4548; baseline 0.001 -22"><span class='ocrx_word' id='word_1_357' title='bbox 272 4460 400 4528; x_wconf 86' lang='lat' dir='ltr'><strong>Adiecit</strong></span> <span class='ocrx_word' id='word_1_358' title='bbox 421 4460 624 4528; x_wconf 88' lang='lat' dir='ltr'><strong>Baudonivia</strong></span> <span class='ocrx_word' id='word_1_359' title='bbox 653 4462 758 4528; x_wconf 92' lang='lat' dir='ltr'><strong>locum</strong></span> <span class='ocrx_word' id='word_1_360' title='bbox 782 4482 800 4527; x_wconf 91' lang='lat' dir='ltr'><strong>e</strong></span> <span class='ocrx_word' id='word_1_361' title='bbox 823 4462 956 4546; x_wconf 89' lang='lat' dir='ltr'><strong>prologo</strong></span> <span class='ocrx_word' id='word_1_362' title='bbox 979 4462 1072 4529; x_wconf 83' lang='lat' dir='ltr'><strong>Vitae</strong></span> <span class='ocrx_word' id='word_1_363' title='bbox 1095 4462 1211 4529; x_wconf 89' lang='lat' dir='ltr'><strong>Hilarii</strong></span> <span class='ocrx_word' id='word_1_364' title='bbox 1232 4461 1378 4548; x_wconf 91' lang='lat' dir='ltr'><strong>petitum.</strong></span> <span class='ocrx_word' id='word_1_365' title='bbox 1425 4461 1570 4527; x_wconf 87' lang='lat' dir='ltr'><strong>Marcelli</strong></span> <span class='ocrx_word' id='word_1_366' title='bbox 1592 4460 1691 4526; x_wconf 85' lang='lat' dir='ltr'><strong>vitam</strong></span> <span class='ocrx_word' id='word_1_367' title='bbox 1715 4461 1900 4542; x_wconf 81' lang='lat' dir='ltr'><strong>lillemont,</strong></span> 
     </span>
     <span class='ocr_line' id='line_1_52' title="bbox 272 4581 1903 4667; baseline -0.001 -20"><span class='ocrx_word' id='word_1_368' title='bbox 272 4581 368 4648; x_wconf 77' lang='lat' dir='ltr'><strong>Mem.</strong></span> <span class='ocrx_word' id='word_1_369' title='bbox 393 4582 427 4647; x_wconf 92' lang='lat' dir='ltr'><strong>b.</strong></span> <span class='ocrx_word' id='word_1_370' title='bbox 453 4602 483 4648; x_wconf 91' lang='lat' dir='ltr'><strong>e.</strong></span> <span class='ocrx_word' id='word_1_371' title='bbox 514 4582 616 4665; x_wconf 77' lang='lat'>(1705)</span> <span class='ocrx_word' id='word_1_372' title='bbox 644 4582 686 4662; x_wconf 89' lang='lat' dir='ltr'><strong>X,</strong></span> <span class='ocrx_word' id='word_1_373' title='bbox 705 4585 768 4646; x_wconf 87' lang='grc'><strong>416</strong></span> <span class='ocrx_word' id='word_1_374' title='bbox 792 4589 825 4648; x_wconf 92' lang='lat' dir='ltr'><strong>et</strong></span> <span class='ocrx_word' id='word_1_375' title='bbox 846 4588 992 4648; x_wconf 86' lang='lat' dir='ltr'><strong>auctores</strong></span> <span class='ocrx_word' id='word_1_376' title='bbox 1015 4583 1091 4649; x_wconf 89' lang='lat' dir='ltr'><strong>bist.</strong></span> <span class='ocrx_word' id='word_1_377' title='bbox 1117 4583 1177 4649; x_wconf 91' lang='lat' dir='ltr'><strong>litt.</strong></span> <span class='ocrx_word' id='word_1_378' title='bbox 1202 4582 1405 4667; x_wconf 87' lang='lat' dir='ltr'><strong>Francogall.</strong></span> <span class='ocrx_word' id='word_1_379' title='bbox 1436 4583 1541 4666; x_wconf 82' lang='lat'>(1735)</span> <span class='ocrx_word' id='word_1_380' title='bbox 1563 4582 1622 4664; x_wconf 90' lang='lat' dir='ltr'><strong>III,</strong></span> <span class='ocrx_word' id='word_1_381' title='bbox 1642 4584 1704 4647; x_wconf 82' lang='grc'><strong>483</strong></span> <span class='ocrx_word' id='word_1_382' title='bbox 1729 4583 1903 4648; x_wconf 88' lang='lat' dir='ltr'><strong>Fortunato</strong></span> 
     </span>
     <span class='ocr_line' id='line_1_53' title="bbox 271 4702 1899 4789; baseline -0.001 -21"><span class='ocrx_word' id='word_1_383' title='bbox 271 4703 470 4770; x_wconf 87' lang='lat' dir='ltr'><strong>Vercellensi</strong></span> <span class='ocrx_word' id='word_1_384' title='bbox 492 4702 720 4786; x_wconf 88' lang='lat' dir='ltr'><strong>attribuerunt,</strong></span> <span class='ocrx_word' id='word_1_385' title='bbox 745 4709 859 4788; x_wconf 85' lang='lat' dir='ltr'><strong>poetae</strong></span> <span class='ocrx_word' id='word_1_386' title='bbox 881 4722 953 4769; x_wconf 87' lang='lat' dir='ltr'><strong>esse</strong></span> <span class='ocrx_word' id='word_1_387' title='bbox 975 4711 1130 4788; x_wconf 86' lang='lat' dir='ltr'><strong>negantes</strong></span> <span class='ocrx_word' id='word_1_388' title='bbox 1154 4711 1282 4789; x_wconf 88' lang='lat' dir='ltr'><strong>propter</strong></span> <span class='ocrx_word' id='word_1_389' title='bbox 1302 4709 1452 4788; x_wconf 90' lang='lat' dir='ltr'><strong>quattuor</strong></span> <span class='ocrx_word' id='word_1_390' title='bbox 1474 4721 1599 4784; x_wconf 88' lang='lat' dir='ltr'><strong>causas,</strong></span> <span class='ocrx_word' id='word_1_391' title='bbox 1627 4702 1751 4769; x_wconf 89' lang='lat' dir='ltr'><strong>scilicet</strong></span> <span class='ocrx_word' id='word_1_392' title='bbox 1772 4703 1899 4768; x_wconf 90' lang='lat' dir='ltr'><strong>titulum</strong></span> 
     </span>
     <span class='ocr_line' id='line_1_54' title="bbox 272 4822 1902 4909; baseline 0 -22"><span class='ocrx_word' id='word_1_393' title='bbox 272 4828 442 4908; x_wconf 89' lang='lat' dir='ltr'><strong>episcopum</strong></span> <span class='ocrx_word' id='word_1_394' title='bbox 464 4825 640 4890; x_wconf 85' lang='lat' dir='ltr'><strong>Fortunato</strong></span> <span class='ocrx_word' id='word_1_395' title='bbox 662 4824 695 4890; x_wconf 94' lang='lat' dir='ltr'><strong>in</strong></span> <span class='ocrx_word' id='word_1_396' title='bbox 717 4825 750 4889; x_wconf 91' lang='lat' dir='ltr'><strong>M</strong></span> <span class='ocrx_word' id='word_1_397' title='bbox 772 4823 937 4906; x_wconf 90' lang='lat' dir='ltr'><strong>additum,</strong></span> <span class='ocrx_word' id='word_1_398' title='bbox 971 4825 1080 4890; x_wconf 87' lang='lat' dir='ltr'><strong>stilum</strong></span> <span class='ocrx_word' id='word_1_399' title='bbox 1103 4823 1343 4909; x_wconf 89' lang='lat' dir='ltr'><strong>simpliciorem,</strong></span> <span class='ocrx_word' id='word_1_400' title='bbox 1378 4824 1573 4891; x_wconf 83' lang='lat' dir='ltr'><strong>Germanum</strong></span> <span class='ocrx_word' id='word_1_401' title='bbox 1595 4823 1720 4906; x_wconf 82' lang='lat' dir='ltr'><strong>vivum,</strong></span> <span class='ocrx_word' id='word_1_402' title='bbox 1754 4822 1902 4907; x_wconf 91' lang='lat' dir='ltr'><strong>Gregorii</strong></span> 
     </span>
     <span class='ocr_line' id='line_1_55' title="bbox 271 4943 1900 5030; baseline -0.002 -19"><span class='ocrx_word' id='word_1_403' title='bbox 271 4945 312 5011; x_wconf 88' lang='lat' dir='ltr'><strong>de</strong></span> <span class='ocrx_word' id='word_1_404' title='bbox 327 4945 501 5012; x_wconf 85' lang='lat' dir='ltr'><strong>Fortunato</strong></span> <span class='ocrx_word' id='word_1_405' title='bbox 530 4952 659 5012; x_wconf 87' lang='lat' dir='ltr'><strong>auctore</strong></span> <span class='ocrx_word' id='word_1_406' title='bbox 682 4945 855 5010; x_wconf 88' lang='lat' dir='ltr'><strong>silentium.</strong></span> <span class='ocrx_word' id='word_1_407' title='bbox 896 4944 938 5009; x_wconf 85' lang='lat' dir='ltr'><strong>At</strong></span> <span class='ocrx_word' id='word_1_408' title='bbox 960 4943 1079 5010; x_wconf 87' lang='lat' dir='ltr'><strong>lemma</strong></span> <span class='ocrx_word' id='word_1_409' title='bbox 1094 4944 1197 5011; x_wconf 91' lang='lat' dir='ltr'><strong>codici</strong></span> <span class='ocrx_word' id='word_1_410' title='bbox 1212 4945 1245 5010; x_wconf 88' lang='lat' dir='ltr'><strong>M</strong></span> <span class='ocrx_word' id='word_1_411' title='bbox 1260 4951 1373 5030; x_wconf 88' lang='lat' dir='ltr'><strong>postea</strong></span> <span class='ocrx_word' id='word_1_412' title='bbox 1388 4944 1548 5011; x_wconf 86' lang='lat' dir='ltr'><strong>adiectum</strong></span> <span class='ocrx_word' id='word_1_413' title='bbox 1565 4950 1624 5010; x_wconf 91' lang='lat' dir='ltr'><strong>est.</strong></span> <span class='ocrx_word' id='word_1_414' title='bbox 1666 4944 1777 5011; x_wconf 85' lang='lat' dir='ltr'><strong>Sermo</strong></span> <span class='ocrx_word' id='word_1_415' title='bbox 1792 4951 1900 5010; x_wconf 89' lang='lat' dir='ltr'><strong>autem</strong></span> 
     </span>
     <span class='ocr_line' id='line_1_56' title="bbox 270 5063 1901 5151; baseline -0.002 -18"><span class='ocrx_word' id='word_1_416' title='bbox 270 5072 334 5133; x_wconf 87' lang='lat' dir='ltr'><strong>tam</strong></span> <span class='ocrx_word' id='word_1_417' title='bbox 358 5065 496 5151; x_wconf 83' lang='lat' dir='ltr'><strong>simplex</strong></span> <span class='ocrx_word' id='word_1_418' title='bbox 517 5086 614 5148; x_wconf 90' lang='lat' dir='ltr'><strong>quam</strong></span> <span class='ocrx_word' id='word_1_419' title='bbox 636 5064 671 5129; x_wconf 95' lang='lat' dir='ltr'><strong>in</strong></span> <span class='ocrx_word' id='word_1_420' title='bbox 693 5065 825 5149; x_wconf 89' lang='lat' dir='ltr'><strong>reliquis</strong></span> <span class='ocrx_word' id='word_1_421' title='bbox 840 5065 1006 5131; x_wconf 85' lang='lat' dir='ltr'><strong>Fortunati</strong></span> <span class='ocrx_word' id='word_1_422' title='bbox 1022 5065 1149 5151; x_wconf 91' lang='lat' dir='ltr'><strong>scriptis</strong></span> <span class='ocrx_word' id='word_1_423' title='bbox 1164 5063 1438 5151; x_wconf 86' lang='lat' dir='ltr'><strong>hagiograpbicis.</strong></span> <span class='ocrx_word' id='word_1_424' title='bbox 1477 5066 1557 5129; x_wconf 91' lang='lat' dir='ltr'><strong>Item</strong></span> <span class='ocrx_word' id='word_1_425' title='bbox 1573 5064 1701 5130; x_wconf 89' lang='lat' dir='ltr'><strong>Martini</strong></span> <span class='ocrx_word' id='word_1_426' title='bbox 1712 5065 1747 5147; x_wconf 83' lang='lat'><strong>³⁰)</strong></span> <span class='ocrx_word' id='word_1_427' title='bbox 1773 5084 1901 5148; x_wconf 91' lang='lat' dir='ltr'><strong>quoque</strong></span> 
     </span>
     <span class='ocr_line' id='line_1_57' title="bbox 270 5184 1901 5270; baseline -0.002 -17"><span class='ocrx_word' id='word_1_428' title='bbox 270 5187 375 5253; x_wconf 87' lang='lat' dir='ltr'><strong>Vitam</strong></span> <span class='ocrx_word' id='word_1_429' title='bbox 399 5187 559 5252; x_wconf 91' lang='lat' dir='ltr'><strong>Germano</strong></span> <span class='ocrx_word' id='word_1_430' title='bbox 581 5186 655 5252; x_wconf 83' lang='lat' dir='ltr'><strong>vivo</strong></span> <span class='ocrx_word' id='word_1_431' title='bbox 677 5185 870 5252; x_wconf 84' lang='lat' dir='ltr'><strong>Fortunatus</strong></span> <span class='ocrx_word' id='word_1_432' title='bbox 893 5185 1005 5252; x_wconf 90' lang='lat' dir='ltr'><strong>edidit.</strong></span> <span class='ocrx_word' id='word_1_433' title='bbox 1045 5186 1192 5270; x_wconf 90' lang='lat' dir='ltr'><strong>Denique</strong></span> <span class='ocrx_word' id='word_1_434' title='bbox 1215 5186 1311 5252; x_wconf 86' lang='lat' dir='ltr'><strong>etiam</strong></span> <span class='ocrx_word' id='word_1_435' title='bbox 1334 5185 1369 5252; x_wconf 92' lang='lat' dir='ltr'><strong>in</strong></span> <span class='ocrx_word' id='word_1_436' title='bbox 1392 5185 1465 5252; x_wconf 81' lang='lat' dir='ltr'><strong>Vita</strong></span> <span class='ocrx_word' id='word_1_437' title='bbox 1487 5184 1603 5250; x_wconf 87' lang='lat' dir='ltr'><strong>Hilarii</strong></span> <span class='ocrx_word' id='word_1_438' title='bbox 1625 5184 1800 5269; x_wconf 88' lang='lat' dir='ltr'><strong>Gregorius</strong></span> <span class='ocrx_word' id='word_1_439' title='bbox 1822 5205 1901 5251; x_wconf 86' lang='lat' dir='ltr'><strong>auc-</strong></span> 
     </span>
    </p>
   </div>
   <div class='ocr_carea' id='block_1_11' title="bbox 268 5304 1897 5513">
    <p class='ocr_par' dir='ltr' id='par_1_13' title="bbox 268 5304 1897 5513">
     <span class='ocr_line' id='line_1_58' title="bbox 268 5304 1897 5393; baseline -0.002 -20"><span class='ocrx_word' id='word_1_440' title='bbox 268 5314 368 5374; x_wconf 88' lang='lat' dir='ltr'><strong>torem</strong></span> <span class='ocrx_word' id='word_1_441' title='bbox 391 5309 600 5374; x_wconf 83' lang='lat' dir='ltr'><strong>Fortunatam</strong></span> <span class='ocrx_word' id='word_1_442' title='bbox 628 5305 766 5371; x_wconf 89' lang='lat' dir='ltr'><strong>reticuit.</strong></span> <span class='ocrx_word' id='word_1_443' title='bbox 812 5306 926 5389; x_wconf 88' lang='lat' dir='ltr'><strong>Neque</strong></span> <span class='ocrx_word' id='word_1_444' title='bbox 949 5306 1070 5373; x_wconf 90' lang='lat' dir='ltr'><strong>Luchio</strong></span> <span class='ocrx_word' id='word_1_445' title='bbox 1092 5328 1123 5393; x_wconf 93' lang='lat' dir='ltr'><strong>p.</strong></span> <span class='ocrx_word' id='word_1_446' title='bbox 1153 5311 1213 5372; x_wconf 79' lang='lat'><strong>129</strong></span> <span class='ocrx_word' id='word_1_447' title='bbox 1242 5311 1419 5374; x_wconf 81' lang='lat' dir='ltr'><strong>‘momenta</strong></span> <span class='ocrx_word' id='word_1_448' title='bbox 1441 5312 1474 5372; x_wconf 91' lang='lat' dir='ltr'><strong>ct</strong></span> <span class='ocrx_word' id='word_1_449' title='bbox 1496 5305 1698 5371; x_wconf 88' lang='lat' dir='ltr'><strong>coniecturae</strong></span> <span class='ocrx_word' id='word_1_450' title='bbox 1720 5304 1802 5372; x_wconf 81' lang='lat' dir='ltr'><strong>tanti</strong></span> <span class='ocrx_word' id='word_1_451' title='bbox 1824 5325 1897 5372; x_wconf 91' lang='lat' dir='ltr'><strong>csse</strong></span> 
     </span>
     <span class='ocr_line' id='line_1_59' title="bbox 269 5423 1896 5513; baseline -0.002 -19"><span class='ocrx_word' id='word_1_452' title='bbox 269 5428 477 5511; x_wconf 86' lang='lat' dir='ltr'><strong>videbantur,</strong></span> <span class='ocrx_word' id='word_1_453' title='bbox 509 5428 718 5513; x_wconf 91' lang='lat' dir='ltr'><strong>quamobrem</strong></span> <span class='ocrx_word' id='word_1_454' title='bbox 745 5425 792 5493; x_wconf 82' lang='lat' dir='ltr'><strong>ita</strong></span> <span class='ocrx_word' id='word_1_455' title='bbox 821 5445 856 5493; x_wconf 86' lang='lat' dir='ltr'><strong>se</strong></span> <span class='ocrx_word' id='word_1_456' title='bbox 886 5426 1006 5493; x_wconf 91' lang='lat' dir='ltr'><strong>habere</strong></span> <span class='ocrx_word' id='word_1_457' title='bbox 1037 5448 1103 5493; x_wconf 93' lang='lat' dir='ltr'><strong>rem</strong></span> <span class='ocrx_word' id='word_1_458' title='bbox 1132 5426 1302 5494; x_wconf 90' lang='lat' dir='ltr'><strong>iudicaret’</strong></span> <span class='ocrx_word' id='word_1_459' title='bbox 1333 5447 1436 5512; x_wconf 91' lang='lat' dir='ltr'><strong>neque</strong></span> <span class='ocrx_word' id='word_1_460' title='bbox 1466 5427 1580 5507; x_wconf 75' lang='lat' dir='ltr'><strong>libert,</strong></span> <span class='ocrx_word' id='word_1_461' title='bbox 1615 5423 1808 5491; x_wconf 90' lang='lat' dir='ltr'><strong>Gescbichtc</strong></span> <span class='ocrx_word' id='word_1_462' title='bbox 1838 5424 1896 5491; x_wconf 90' lang='lat' dir='ltr'><strong>der</strong></span> 
     </span>
    </p>
   </div>
   <div class='ocr_carea' id='block_1_12' title="bbox 355 5706 980 5772">
    <p class='ocr_par' dir='ltr' id='par_1_14' title="bbox 355 5706 980 5772">
     <span class='ocr_line' id='line_1_60' title="bbox 355 5706 980 5772; baseline -0.005 -14"><span class='ocrx_word' id='word_1_463' title='bbox 355 5709 395 5772; x_wconf 75' lang='lat'><strong>³0)</strong></span> <span class='ocrx_word' id='word_1_464' title='bbox 417 5710 456 5759; x_wconf 82' lang='lat' dir='ltr'><strong>Gt.</strong></span> <span class='ocrx_word' id='word_1_465' title='bbox 478 5709 569 5772; x_wconf 85' lang='lat' dir='ltr'><strong>Script.</strong></span> <span class='ocrx_word' id='word_1_466' title='bbox 591 5709 647 5758; x_wconf 86' lang='lat' dir='ltr'><strong>Rcr.</strong></span> <span class='ocrx_word' id='word_1_467' title='bbox 670 5708 762 5757; x_wconf 86' lang='lat' dir='ltr'><strong>Meror.</strong></span> <span class='ocrx_word' id='word_1_468' title='bbox 784 5708 806 5770; x_wconf 95' lang='lat'><strong>1,</strong></span> <span class='ocrx_word' id='word_1_469' title='bbox 827 5707 851 5768; x_wconf 81' lang='lat'><strong>2,</strong></span> <span class='ocrx_word' id='word_1_470' title='bbox 873 5722 898 5769; x_wconf 92' lang='lat' dir='ltr'><strong>p.</strong></span> <span class='ocrx_word' id='word_1_471' title='bbox 921 5706 980 5755; x_wconf 77' lang='lat'><strong>452.</strong></span> 
     </span>
    </p>
   </div>
   <div class='ocr_carea' id='block_1_13' title="bbox 0 0 2192 6186">
    <p class='ocr_par' dir='ltr' id='par_1_15' title="bbox 0 0 2192 6186">
     <span class='ocr_line' id='line_1_61' title="bbox 0 0 2192 6186; baseline 0 3"><span class='ocrx_word' id='word_1_472' title='bbox 0 0 2192 6186; x_wconf 95' lang='lat' dir='ltr'><strong> </strong></span> 
     </span>
    </p>
   </div>
  </div>
 </body>
</html>
