4374 6186
936 411 1163 469 ruoonsnvn.
1753 412 1869 479 xxm

283 649 426 729 quatinus
452 665 488 707 ca
516 646 581 706 sine
607 643 704 706 taedio
727 642 837 703 audire
860 648 888 702 et
909 647 1005 701 mente
1027 639 1190 701 recondere
1212 645 1300 720 atquc
1319 658 1377 720 per
1400 658 1437 701 ea
1458 640 1499 702 ad
1522 659 1655 703 amorem
1678 650 1704 704 et
1726 643 1868 705 bonorem

283 761 372 834 atque
394 751 577 812 devotionem
599 748 650 810 dci
670 755 697 810 el
720 749 816 828 ipsius
835 745 1016 826 protectoris
1038 744 1089 806 sui
1111 744 1188 806 idem
1208 743 1341 825 populus
1364 744 1500 806 excitari
1521 745 1646 807 voleret.
1688 747 1775 822 Qnsod
1793 757 1821 811 et
1836 750 1867 810 in

283 855 385 916 eadent
409 854 583 935 exceptione
605 853 698 915 lector
719 859 813 933 polest
836 850 1007 927 advertere,
1035 847 1088 909 ubi
1108 851 1255 929 scriptum
1278 857 1339 911 est:
1367 850 1566 914 ‘Studeamus
1579 870 1682 932 pauca
1697 852 1849 915 disserere
1856 873 1866 930 ;

280 958 418 1040 plurimu
438 953 622 1038 praeterire‘
652 952 745 1036 (iufra
759 974 790 1038 p.
810 956 863 1035 65,
884 953 924 1034 8).
966 955 1003 1015 Et
1025 971 1091 1014 cum
1115 954 1184 1032 ipsa
1207 954 1343 1033 eoeceptio
1366 956 1460 1034 coepit
1483 954 1604 1017 lectione
1628 957 1660 1016 in
1678 957 1787 1036 populo
1800 955 1869 1038 fre-

283 1062 426 1143 quentari
445 1068 474 1122 et
495 1081 514 1121 a
537 1061 640 1121 multis
659 1067 787 1140 propter
809 1057 966 1119 breuitatis
989 1075 1063 1118 suae
1083 1055 1261 1136 facilitatem
1284 1056 1477 1136 transscribi,
1504 1059 1568 1139 ipse
1591 1077 1720 1142 moqnus
1736 1060 1833 1122 codem
1848 1081 1869 1123 a

283 1163 504 1247 ncqleqenlibus
523 1164 727 1246 neqleqentius
747 1163 843 1242 coepit
864 1159 972 1221 baberi
984 1178 1079 1242 usque
1094 1158 1166 1220 dum
1182 1167 1312 1240 tempore
1327 1160 1418 1222 Karli
1427 1163 1590 1242 principis,
1609 1163 1729 1245 qnando
1741 1172 1870 1245 propter

283 1267 468 1330 discordiam
488 1274 515 1329 el
534 1268 748 1329 contentionem
763 1265 800 1327 de
812 1265 992 1346 principatu
1009 1265 1089 1325 inter
1104 1282 1172 1324 eum
1187 1269 1216 1324 et
1228 1261 1468 1346 ltaqamfredum
1483 1273 1510 1327 et
1522 1264 1698 1347 frequentia
1714 1287 1751 1329 ac
1766 1269 1869 1330 cicilia

284 1373 371 1433 immo
392 1372 463 1452 plus
485 1389 578 1453 quom
598 1371 704 1433 civilia
726 1370 800 1451 quia
823 1370 967 1430 intestina
989 1375 1017 1429 et
1036 1367 1247 1447 parricidalia
1270 1366 1348 1429 bella
1371 1368 1402 1428 in
1420 1368 1611 1430 Germanicis
1634 1377 1663 1431 ct
1682 1371 1810 1453 Belqicis
1833 1392 1870 1434 ac

287 1476 456 1538 Gallicanis
480 1474 650 1554 provinciis
677 1473 783 1555 reliqio
810 1472 1044 1535 christianitatis
1068 1489 1144 1551 pene
1169 1468 1230 1550 fuit
1257 1469 1385 1548 abolita,
1416 1473 1460 1534 ita
1481 1479 1516 1533 ut
1538 1474 1684 1555 episcopis
1706 1475 1739 1535 in
1760 1477 1869 1555 paucis

285 1582 358 1644 locis
381 1579 514 1642 residuis
537 1579 688 1660 episcopio
711 1578 799 1640 laicis
823 1576 934 1638 donata
958 1583 985 1637 et
1003 1593 1061 1655 per
1083 1593 1132 1635 eos
1155 1574 1257 1636 divisa
1273 1574 1361 1636 rebus
1377 1576 1553 1651 estiterinl,·
1578 1576 1652 1638 adeo
1667 1585 1700 1639 ul
1715 1577 1787 1641 Milo
1802 1579 1871 1659 qui-

285 1685 355 1746 dam
378 1692 507 1745 tonsura
530 1682 668 1761 clericus,
696 1680 831 1743 moribus
853 1679 959 1742 babitu
981 1686 1009 1740 et
1031 1685 1102 1740 actu
1125 1678 1318 1760 inreliqiosus
1341 1678 1447 1757 laicus,
1475 1681 1628 1760 episcopia
1650 1682 1811 1743 Remorum
1834 1703 1871 1746 ac

289 1789 485 1849 Trevirorum
507 1804 666 1866 usurpans
688 1785 813 1847 insimul
833 1804 890 1865 per
913 1783 1120 1865 quadruplata
1143 1784 1265 1844 circiter
1287 1801 1384 1845 annos
1404 1783 1654 1863 pessumdederit.
1705 1786 1798 1848 Cuius
1822 1788 1871 1848 in-

282 1890 368 1973 felici
389 1898 519 1971 tempore
541 1889 577 1951 de
600 1890 659 1950 isla
680 1889 821 1950 ilamensi
842 1888 988 1950 (aecclesia
1009 1906 1069 1947 non
1092 1886 1188 1948 solum
1208 1887 1345 1966 pretiosa
1367 1904 1502 1970 quaeque
1524 1887 1628 1950 ablata
1647 1887 1791 1969 fuerunt,
1819 1891 1872 1952 sed

287 2003 315 2057 et
338 1995 503 2056 aecclesiae
526 2000 614 2074 atquc
636 1992 742 2056 domus
764 1992 976 2074 reliqiosorum
998 1991 1170 2053 destructae
1192 1997 1219 2051 et
1241 2008 1292 2052 res
1314 1989 1352 2052 ab
1375 1990 1522 2071 episcopio
1541 1989 1631 2072 fuere
1652 1991 1779 2054 divisae.
1820 1994 1874 2056 Illi

284 2116 400 2181 quoque
418 2098 514 2178 pauci
534 2098 587 2177 qui
608 2103 697 2157 erant
719 2095 839 2157 residui
859 2095 963 2157 clerici
983 2094 1098 2176 nepotio
1121 2095 1232 2155 metum
1255 2092 1442 2176 quaerebant
1464 2102 1492 2156 et
1513 2093 1656 2157 denarias
1671 2114 1746 2178 qrtos
1762 2098 1872 2159 merci-

285 2204 382 2264 monio
405 2199 622 2283 conquirebant
643 2202 675 2260 in
698 2201 794 2261 cartis
817 2206 844 2260 el
867 2197 1015 2260 librorum
1035 2197 1119 2279 foliis
1143 2196 1295 2259 interdum
1311 2197 1456 2279 liqabant.
1497 2198 1605 2279 Sicque
1617 2196 1780 2279 praefatus
1796 2199 1873 2261 liber

286 2324 353 2367 erim
376 2304 447 2366 aliis
467 2304 582 2385 partim
606 2302 758 2365 stillicidio
778 2301 978 2384 putrefactus,
1002 2303 1120 2382 parlim
1143 2300 1290 2363 soricibus
1313 2318 1473 2379 conrosns,
1497 2302 1613 2381 partim
1633 2299 1779 2381 foliorum
1802 2303 1873 2365 abs-

286 2410 396 2470 cisione
419 2407 548 2484 dioisus,
576 2407 607 2467 in
631 2413 747 2467 tontum
770 2405 908 2486 deperiit,
934 2413 969 2467 ut
987 2423 1091 2485 pauca
1113 2412 1141 2465 et
1163 2404 1304 2484 dispersa
1327 2404 1395 2465 inde
1414 2403 1492 2486 folia
1513 2412 1637 2484 reperta
1656 2403 1783 2485 furunt.

243 2526 305 2604 Qui
335 2545 438 2611 nuper
463 2523 645 2590 haedere
668 2524 866 2609 scripserunt
888 2521 1057 2605 Schroers,
1087 2521 1247 2587 Hinkmar
1268 2521 1460 2589 Erzbischof
1479 2541 1541 2587 von
1564 2521 1674 2587 Reims
1696 2544 1727 2608 p.
1755 2527 1817 2589 446
1840 2530 1873 2590 et

243 2646 409 2726 Schubert,
437 2644 498 2710 Die
513 2643 763 2727 Unterweriung
785 2643 843 2710 der
857 2644 1060 2709 Alamaunen
1075 2649 1169 2709 uuter
1183 2641 1235 2709 die
1251 2642 1402 2709 Franken
1426 2663 1459 2728 p.
1481 2644 1541 2706 135
1557 2662 1639 2727 sqq,
1667 2644 1749 2709 alter
1770 2644 1872 2712 histo-

242 2768 323 2834 riola
344 2766 523 2833 accuratius
545 2785 608 2831 non
631 2764 817 2830 examinata
831 2763 998 2830 Fortunati
1020 2761 1117 2829 fidem
1138 2762 1296 2844 tuebatur,
1323 2764 1406 2828 alter
1427 2763 1580 2846 negabat.
1616 2763 1790 2832 (lodicibus
1812 2766 1872 2832 ad-

243 2888 354 2955 hibitis
377 2885 594 2953 controversia
615 2886 679 2952 iam
703 2885 798 2950 facile
822 2883 1023 2950 diiudicatur.
1065 2883 1145 2950 Cum
1167 2881 1202 2949 in
1223 2883 1313 2949 nullo
1336 2903 1431 2966 quem
1447 2883 1557 2951 videre
1573 2883 1664 2950 licuit
1677 2884 1760 2951 libro
1775 2906 1872 2953 manu

243 3009 361 3094 scripto
384 3008 578 3074 Fortunatus
600 3006 686 3072 vitae
701 3003 849 3072 Remedii
872 3004 1007 3089 scriptor
1030 3003 1180 3070 laudatus
1203 3003 1255 3085 sit,
1282 3024 1385 3070 sermo
1407 3011 1515 3070 autem
1538 3012 1604 3071 tam
1627 3003 1794 3073 dissimilis
1817 3006 1869 3090 sit,

243 3136 278 3195 ut
306 3128 347 3194 de
376 3149 415 3195 eo
444 3136 573 3195 auctore
600 3147 641 3193 ne
664 3125 799 3210 cogitari
822 3123 951 3207 quidem
974 3123 1092 3210 possit,
1127 3124 1241 3192 relatio
1263 3124 1370 3192 fidelis
1393 3125 1532 3192 virorum
1555 3125 1777 3211 religiosorum
1800 3147 1873 3212 pro-

242 3256 354 3316 vectae
380 3249 514 3331 aetatis,
548 3248 708 3332 adquam
732 3246 1110 3331 Hincmarusprovocat,
1144 3245 1339 3330 reprobatur.
1388 3247 1492 3313 Locus
1515 3254 1621 3313 autem
1645 3267 1803 3331 quaeum
1826 3250 1873 3316 uti

243 3369 337 3436 modo
360 3368 498 3436 vidimus
521 3376 556 3435 ut
578 3367 685 3434 Vitam
708 3368 838 3434 brevem
862 3387 902 3433 ex
924 3367 1081 3453 ampliore
1104 3372 1286 3451 excerptam
1311 3385 1383 3433 esse
1406 3361 1571 3453 probaret,
1598 3369 1792 3434 cauturium
1815 3390 1873 3454 pa

244 3490 308 3556 tius
330 3489 534 3569 demonstrat,
562 3509 634 3554 cum
657 3487 779 3553 verbis:
809 3489 1035 3569 Studiamus³³j
1059 3507 1130 3571 erpo
1143 3508 1246 3569 pauco
1261 3489 1411 3571 deserere,
1434 3491 1572 3571 plurima
1585 3493 1767 3572 praeterire,
1792 3490 1873 3558 haec

243 3610 370 3676 adiecta
400 3610 479 3675 sint:
510 3630 585 3673 nam
615 3611 643 3672 si
664 3617 753 3672 tanto
776 3610 922 3671 virtutum
945 3628 1075 3671 suarum
1097 3611 1232 3692 insiqnia
1255 3617 1309 3671 aut
1331 3611 1463 3673 ariditas
1485 3613 1584 3673 nostri
1604 3614 1752 3674 sermonis
1771 3621 1875 3694 posset

244 3733 383 3795 eaeolere
405 3739 460 3794 aut
480 3734 625 3794 mensoria
647 3732 788 3810 relinere,
809 3732 900 3810 prius
922 3729 1032 3791 babere
1051 3736 1174 3810 poterat
1195 3731 1356 3791 terminum
1380 3731 1439 3792 lna
1460 3731 1609 3793 bodierna
1632 3750 1722 3812 ptam
1741 3736 1869 3817 poqr'na.

244 3851 333 3915 Haec
355 3850 547 3915 Hincmarus
569 3856 662 3916 caute
686 3849 879 3934 suppressit,
911 3868 982 3914 cum
1005 3847 1126 3913 auctori
1148 3867 1307 3932 anonymo
1329 3847 1434 3914 fontes
1457 3847 1593 3934 scriptos
1614 3850 1721 3916 nullos
1743 3860 1872 3938 praesto

244 3969 344 4036 luisse
373 3971 517 4056 probent.
565 3970 641 4036 Post
667 3969 872 4035 Hincmarum
902 3968 1120 4051 Flodoardus,
1154 3967 1238 4034 Hist.
1263 3970 1353 4035 Rem.
1379 3969 1411 4051 I,
1442 3973 1480 4034 10
1510 3968 1634 4055 (Script.
1660 3970 1753 4056 XIII,
1779 3975 1868 4058 421),

242 4091 349 4156 Vitam
371 4091 546 4156 Fortunato
568 4097 683 4175 poetae
704 4089 755 4156 his
778 4088 885 4155 verbIs
907 4088 1066 4156 attribuit:
1095 4100 1128 4154 ut
1151 4094 1337 4154 Fortunatus
1360 4110 1474 4174 quoque
1493 4101 1583 4173 poeta
1605 4102 1707 4156 noster
1729 4097 1855 4159 asserit.

329 4229 387 4295 Est
408 4234 516 4294 autem
539 4228 613 4294 Vita
635 4227 782 4294 Remedii
803 4227 891 4294 haud
914 4229 1013 4294 multo
1036 4235 1262 4314 postmortem
1287 4227 1389 4293 sancti
1413 4228 1597 4314 composita,
1625 4248 1696 4295 cum
1716 4231 1872 4317 Gregorio

243 4350 319 4414 Tur.
346 4348 410 4415 iam
433 4355 509 4415 nota
531 4348 638 4416 fuerIt.
686 4352 754 4428 lt'sl,
783 4347 888 4431 inquit
897 4351 951 4433 ³⁴),
986 4370 1066 4413 nunc
1094 4350 1171 4413 liber
1197 4352 1277 4413 uitae
1305 4351 1386 4430 eius,
1416 4352 1470 4432 qui
1496 4370 1564 4413 eum
1586 4361 1699 4416 narrat
1720 4361 1872 4419 martirum

243 4474 421 4552 suscitasse,
451 4470 539 4536 etin
561 4468 652 4536 (ilar.
678 4467 772 4536 Cous.
798 4487 825 4534 c.
853 4471 911 4535 78:
942 4479 971 4534 ct
995 4473 1132 4534 oratione
1158 4489 1217 4533 suu
1243 4470 1402 4551 defunctae
1428 4473 1565 4534 cadaver
1586 4474 1711 4555 puellae
1740 4475 1873 4540 obtenuit

243 4596 398 4655 suscitari.
446 4590 561 4674 Agitur
583 4590 624 4656 de
646 4590 801 4656 misaculo
822 4589 908 4674 quod
930 4588 964 4655 in
986 4588 1060 4656 Vita
1083 4610 1110 4655 c.
1138 4592 1221 4655 6-8
1244 4596 1408 4656 narratum
1430 4598 1492 4657 est.

328 4728 465 4795 Codices
487 4747 567 4812 quos
589 4728 703 4810 Waitn,
730 4727 849 4793 Archiv
871 4725 929 4809 XI,
957 4729 1017 4791 251
1043 4727 1204 4794 recensuit
1224 4728 1376 4814 permulti
1398 4736 1570 4812 supersunt
1590 4729 1678 4815 iique
1700 4733 1829 4799 vetusti.

243 4847 273 4912 G
399 4848 509 4914 Codex
524 4848 716 4915 ParisiensIs
731 4831 865 4914 Latinius
879 4868 927 4912 nr.
951 4849 1063 4930 12598,
1084 4849 1347 4916 membranaceus
1363 4847 1485 4916 formae
1500 4870 1651 4936 magnae,
1677 4871 1763 4920 saec.
1781 4854 1869 4938 VIII,

448 4957 518 5018 erat
546 4951 767 5034 Corbeiensis,
806 4957 883 5017 tunc
911 4948 1202 5035 Sangermanensis
1235 4952 1294 5037 (nr.
1323 4955 1406 5019 1045
1436 4953 1489 5021 rel
1522 4957 1635 5042 toton)
1672 4957 1869 5024 monasterii.

449 5054 544 5121 Initio
568 5060 601 5120 et
621 5055 685 5122 fine
707 5053 840 5121 mutilus
862 5073 974 5121 eorum
995 5059 1119 5122 autum
1141 5060 1323 5125 maurum
1340 5053 1433 5125 Vitas
1454 5057 1604 5143 continet,
1631 5057 1686 5146 qui
1707 5060 1873 5128 mensibus

448 5158 631 5225 Novembre
659 5165 692 5226 et
718 5156 898 5225 Decembre
926 5154 1087 5225 coluntur.
1141 5155 1182 5225 In
1209 5155 1319 5227 medin
1344 5162 1435 5212 tm
1464 5158 1562 5229 rma
1587 5160 1719 5231 Hunni
1746 5163 1867 5250 incipit,

449 5258 506 5326 tol.
532 5257 669 5326 23-25'
698 5260 806 5328 Vitam
827 5255 977 5328 &medii
1003 5277 1091 5330 saca
1113 5258 1163 5331 Γ
1171 5254 1216 5284 ’”’
1644 5265 1756 5348 *optari
1783 5267 1873 5334 nullo

448 5363 593 5430 adhibito
615 5363 810 5448 emendavit,
835 5361 929 5433 cuius
949 5360 1068 5433 emam
1712 5368 1731 5436 ¹.
1747 5364 1800 5436 m'
1815 5389 1869 5438 ex.

330 5642 370 5704 33)
392 5644 462 5692 Intra
479 5659 504 5706 p.
519 5643 560 5705 bb,
578 5651 602 5693 8.

329 5727 372 5790 ³4)
392 5728 459 5780 titas.
480 5728 568 5778 hanc.
588 5729 625 5789 11,
644 5727 687 5778 st.
