4374 6186
856 417 1074 476 SPVBIORVII
1091 417 1295 476 APPEIIDIX.

473 933 575 1013 Quem
597 942 684 1001 terra
705 940 820 1019 pontus
842 933 974 999 aethera

474 1037 583 1105 colunt
603 1037 739 1103 adorant
759 1036 962 1121 praedicant,

474 1141 590 1207 trinam
613 1148 778 1224 regentem
800 1139 980 1205 machinam

475 1245 648 1310 elaustmm
670 1244 792 1310 Mariae
815 1243 947 1309 baiulat.

475 1485 535 1553 Oui
557 1485 652 1568 luna,
679 1485 727 1550 sol
750 1490 782 1551 et
805 1484 911 1550 omnia

474 1588 660 1655 deserviunt
680 1608 738 1672 per
760 1596 920 1673 tempora,

475 1692 607 1776 perlusa
628 1691 711 1757 caeli
733 1691 838 1774 gratia

475 1801 605 1878 gestant
626 1794 756 1879 puellae
778 1794 913 1860 viscera.

476 2036 631 2102 Mirantur
653 2054 729 2118 ergo
751 2033 883 2099 saecula

476 2137 562 2222 quod
584 2137 720 2221 angelus
743 2137 805 2203 lert
826 2137 965 2219 semina,

476 2242 562 2324 quod
584 2261 662 2307 aure
684 2240 774 2324 virgo
796 2239 936 2324 concipit
1027 2260 1032 2274 ‘

477 2352 510 2411 et
530 2343 625 2409 eorde
647 2343 783 2410 credens
805 2343 949 2428 parturit.

476 2586 580 2652 Beata
601 2591 704 2650 mater
725 2604 874 2666 munere,

477 2688 568 2754 cuius
590 2707 748 2773 sopemus
769 2687 903 2770 artifex,

478 2790 630 2857 mundum
653 2791 777 2875 pugillo
800 2792 982 2871 continens,

478 2895 598 2961 ventris
621 2895 681 2960 sub
703 2914 779 2961 arca
801 2895 929 2959 clausus
952 2901 1010 2988 est.

478 3412 548 3477 Ave
570 3411 667 3476 maris
690 3410 801 3492 stella,

479 3514 531 3580 dei
553 3521 655 3579 mater
675 3514 762 3578 alma

477 3624 574 3699 atque
598 3636 726 3701 semper
747 3616 853 3699 virgo,

479 3720 558 3786 felix
581 3721 664 3785 caeli
685 3727 788 3806 porta.

479 3927 616 3993 Sumens
638 3925 721 3993 illud
742 3946 803 3992 ave

480 4030 642 4097 Gabrielis
664 4051 735 4112 ore,

479 4132 659 4200 fundanos
681 4134 715 4199 in
738 4153 834 4218 pace,

479 4243 606 4303 mutans
629 4238 717 4303 Evae
740 4257 869 4302 nomen.

479 4443 576 4510 Solve
599 4442 707 4508 vincla
729 4441 809 4523 reis,

479 4547 586 4631 profer
608 4547 716 4611 lumen
740 4545 861 4626 caecis,

479 4650 565 4714 mala
587 4656 695 4714 nostra
716 4648 820 4733 pelle,

479 4755 562 4819 bona
584 4760 699 4818 cuncta
720 4772 827 4836 poseo.

479 4961 619 5025 Monstra
641 4965 673 5025 te
696 4978 768 5024 esse
790 4965 939 5041 matrem,

479 5069 585 5129 sumat
606 5083 665 5148 per
686 5069 719 5129 te
741 5082 853 5148 preees

1042 778 1119 843 VIII

1272 935 1449 1002 Benedicta
1470 938 1554 1003 ca'eli
1576 937 1705 1020 nuntio,

1273 1037 1411 1105 fecunda
1433 1049 1543 1106 saneto
1566 1041 1696 1127 spiritu,

1273 1141 1475 1208 desideratus
1496 1145 1647 1227 gentibus

1274 1246 1364 1311 cuius
1386 1266 1445 1331 per
1466 1247 1574 1313 alvum
1597 1246 1688 1312 fusus
1711 1253 1770 1312 est.

1274 1555 1302 1621 Ο
1324 1556 1467 1640 gloriosa
1488 1557 1618 1623 domina

1274 1661 1405 1726 excelsa
1426 1680 1523 1746 super
1545 1660 1669 1740 sidera,

1275 1762 1329 1844 qui
1352 1770 1385 1828 tc
1408 1762 1529 1828 creavit
1549 1763 1681 1847 provide

1275 1865 1401 1931 lactasti
1425 1886 1515 1932 sacro
1536 1867 1645 1932 ubere.

1275 2071 1368 2150 Quod
1390 2073 1460 2138 Eva
1481 2072 1582 2139 tristis
1604 2073 1736 2140 abstulit

1275 2182 1310 2240 tu
1332 2175 1443 2241 reddis
1465 2177 1551 2241 almo
1572 2176 1732 2260 germine;

1274 2277 1394 2345 intrent
1416 2286 1451 2344 ut
1472 2285 1561 2344 astra
1582 2277 1728 2361 flebiles,

1276 2380 1359 2446 caeli
1381 2381 1523 2447 fenestra
1545 2380 1632 2447 taeta
1653 2402 1700 2449 es.

1277 2588 1328 2652 'In
1349 2587 1516 2670 regisalti
1539 2588 1636 2655 ianua

1194 2735 1199 2747 .
1277 2695 1311 2754 et
1330 2697 1424 2774 porta
1446 2691 1528 2757 lucis
1550 2691 1686 2774 fulgida.

1277 2793 1376 2858 vitam
1400 2794 1509 2859 datam
1531 2814 1589 2878 per
1610 2794 1767 2879 virginem

1278 2903 1392 2980 gentes
1414 2896 1600 2982 redemptae
1622 2897 1775 2982 plaudite.

1279 3415 1335 3497 qui
1357 3435 1413 3498 pro
1436 3415 1529 3480 nobis
1550 3420 1644 3479 natus

1278 3517 1352 3583 tulit
1373 3537 1445 3583 csse
1467 3524 1551 3583 tuns.

1279 3724 1376 3807 Virgo
1399 3722 1592 3807 singularis,

1277 3827 1360 3893 inter
1382 3847 1492 3893 omncs
1514 3826 1618 3905 mitis,

1278 3949 1335 3995 nos
1357 3930 1460 4015 culpis
1483 3929 1604 3995 solutos

1278 4033 1371 4098 mites
1394 4032 1447 4098 fac
1468 4040 1500 4098 et
1521 4038 1637 4098 castos.

1279 4238 1386 4304 Vitam
1407 4245 1537 4324 praesta
1558 4258 1687 4325 puram,

1278 4343 1338 4408 iter
1359 4364 1439 4428 para
1460 4348 1580 4424 tutum,

1279 4453 1314 4512 ut
1335 4446 1481 4512 videntes
1504 4446 1611 4511 Iesum

1280 4569 1407 4634 semper
1429 4548 1644 4615 collaetemur.

1279 4755 1329 4821 Sit
1350 4755 1422 4820 laus
1444 4755 1505 4821 deo
1527 4753 1627 4839 patri,

1278 4878 1401 4923 summo
1423 4856 1550 4923 Christo
1572 4856 1687 4938 decus,

1278 4960 1404 5044 spiritui
1426 4966 1554 5044 sancto,

1277 5063 1379 5130 tribus
1400 5064 1501 5129 lronor
1522 5083 1616 5129 unus.

341 5360 414 5408 vllr.
435 5360 481 5410 IX.
501 5359 525 5407 X
544 5362 572 5408 ln
585 5359 711 5407 Tlemostr‘
728 5358 857 5419 hymnario
870 5359 1005 5407 Fortunato
1019 5358 1136 5421 adscripti
1240 5360 1303 5408 vllr
1324 5359 1403 5408 Locos
1413 5374 1441 5420 p.
1454 5359 1503 5407 261
1519 5358 1604 5419 (Vm,
1620 5358 1655 5418 1),
1677 5357 1769 5405 Daniel
1784 5357 1797 5402 1
1805 5372 1831 5417 p.
1846 5358 1896 5404 112

271 5446 484 5508 es.1l'p.135‚
513 5445 585 5494 Meae
606 5446 635 5491 11
650 5460 676 5505 p.
693 5447 751 5493 128.
773 5446 822 5492 mo
969 5444 1054 5494 9-12
1077 5461 1124 5494 om.
1145 5446 1218 5494 codd.
1237 5460 1298 5496 rece.
1442 5445 1473 5494 12
1496 5440 1617 5509 parturit]
1643 5444 1734 5506 accipit
1754 5423 1918 5489 Tlmmon'oo⁸

274 5532 305 5581 l'l
322 5528 466 5598 benedieta]
483 5534 556 5581 beata
573 5546 634 5581 rece.
741 5529 769 5578 21
792 5531 887 5579 lemine
903 5529 957 5580 eod.
981 5531 1102 5579 Tlomoor‘i
1205 5531 1238 5582 22
1259 5547 1334 5595 supra
1352 5534 1421 5583 Duo.

341 5619 377 5667 IX
398 5618 474 5667 Laeti
489 5633 515 5679 p.
532 5619 580 5668 265
603 5618 687 5679 (VIII,
709 5616 745 5678 5),
766 5617 857 5666 Donlel
876 5619 891 5664 1
905 5632 932 5677 p.
949 5617 998 5665 204
1016 5617 1225 5680 efill'p.136‚·
1245 5619 1280 5679 cs.
1297 5618 1369 5667 Mene
1388 5620 1414 5665 11
1429 5634 1456 5680 p.
1472 5618 1521 5664 216
1534 5630 1569 5678 sq.

273 5705 342 5755 Deo.
449 5703 482 5754 28
499 5705 576 5753 honor
594 5705 676 5753 trinus
695 5707 720 5752 et
738 5718 804 5751 unus
823 5703 900 5763 Dara,
922 5705 1005 5751 trlnus
1023 5702 1101 5752 honor
1120 5719 1195 5764 unns,
1215 5705 1292 5753 honor
1309 5707 1391 5754 trtnus
1410 5719 1475 5753 unus
1493 5704 1536 5752 cll.

1679 5615 1694 5663 8
1712 5628 1803 5664 nornen
1822 5615 1892 5664 ane

350 5804 478 5847 rumen
491 5804 636 5846 Fonrvsarvs
1478 5831 1491 5857 .
1656 5804 1689 5854 lo
