4374 6186
326 437 345 497 '2
1026 432 1244 490 PRAEFATIO

326 645 468 690 mearunt
491 626 632 692 admiror
654 634 685 691 te
708 647 816 692 amore
840 626 968 706 seduci,
1003 645 1085 709 quae
1109 644 1180 690 cum
1204 624 1347 708 prolatae
1370 623 1490 689 fuerint
1511 644 1569 690 nec
1592 624 1700 689 mirari
1722 631 1870 710 poterunt
1896 646 1956 691 nec

327 727 445 793 amari:
480 728 667 812 praesertim
698 727 781 812 quod
810 748 871 810 ego
899 729 1002 812 impos
1033 727 1073 792 de
1096 728 1249 791 Ravenna
1279 727 1487 811 progrediens
1515 727 1639 792 Padum
1662 726 1784 792 Atesim
1812 727 1955 792 Brintam

327 830 458 895 Plavem
489 831 690 914 Liquentiam
721 831 1021 914 'leliamentumque
1049 839 1197 911 tranans,
1233 849 1290 913 per
1319 831 1434 914 Alpem
1463 829 1576 893 Iuliam
1606 830 1765 914 pendulus
1795 831 1956 895 montanis

326 932 541 1017 anfractibus,
573 934 716 998 Draunm
739 934 872 1014 Norico,
906 933 1028 999 Ocnum
1053 933 1205 1015 Breonis,
1243 933 1370 998 Liccam
1394 932 1560 1012 Baiuan'a,
1595 932 1778 997 Danuvium
1802 934 1956 998 Alaman-

325 1035 396 1114 nia,
429 1036 576 1102 Rhenum
600 1036 773 1102 Germania
804 1037 963 1101 transiens
989 1055 1026 1100 ac
1050 1043 1121 1120 post
1143 1035 1328 1115 Mosellam,
1363 1035 1502 1115 Mosam,
1535 1037 1680 1099 ,isonam
1704 1043 1736 1101 et
1758 1038 1989 1120 Sequanama

325 1138 473 1222 Ligerem
497 1148 528 1207 et
551 1140 753 1219 Garonnam,
779 1139 971 1221 Aquitaniae
995 1139 1135 1204 maxima
1156 1137 1293 1214 fluenta,
1328 1137 1563 1219 transmittens,
1590 1139 1766 1221 Pyrenaeis
1789 1160 1956 1206 occurrens

324 1240 405 1306 Iulio
442 1262 551 1308 mense
587 1242 708 1308 nivosis
745 1261 847 1325 paene
878 1248 934 1306 aut
963 1241 1136 1322 equitando
1172 1248 1227 1305 aut
1256 1239 1455 1305 dormitando
1493 1241 1753 1325 conscripserim
1791 1242 1846 1306 urbi
1874 1243 1957 1307 inter

325 1344 477 1410 barbaros
505 1346 599 1428 longo
622 1352 725 1410 tractu
748 1344 900 1428 gradiens
924 1351 979 1409 aut
1001 1344 1054 1408 ria
1076 1344 1183 1408 fessus
1206 1350 1261 1408 aut
1284 1343 1430 1427 crapula,
1457 1343 1595 1407 brumali
1618 1344 1676 1408 sub
1701 1342 1837 1426 frigore,
1863 1344 1956 1409 llusa

324 1447 469 1512 hortante
507 1448 614 1513 nescio
644 1448 754 1530 gelida
784 1447 888 1530 magis
918 1467 959 1511 an
990 1447 1077 1511 ebria
1107 1465 1209 1510 novus
1239 1446 1387 1530 Orpheus
1418 1445 1538 1528 lyricus
1568 1445 1669 1509 silvae
1699 1465 1793 1511 voces
1824 1446 1951 1528 dabam,

325 1549 408 1613 silva
430 1548 596 1615 reddebat.
692 1552 730 1631 [5]
765 1548 850 1627 Quid
879 1549 962 1614 inter
992 1549 1072 1613 baec
1102 1556 1235 1614 extensa
1258 1548 1377 1613 viatica
1406 1549 1548 1613 consulte
1573 1547 1636 1612 diei
1659 1548 1809 1632 potuerit,
1844 1568 1955 1616 censor
1975 1569 2004 1608 ro

325 1651 395 1735 ipse
423 1672 590 1731 mensura,
623 1652 677 1716 ubi
707 1672 758 1716 mc
788 1673 851 1716 non
882 1651 1040 1732 urguebat
1066 1652 1117 1716 vel
1140 1658 1245 1716 metus
1273 1671 1313 1714 ex
1336 1650 1442 1716 iudice
1466 1651 1517 1715 vel
1540 1651 1697 1735 probabat
1720 1671 1797 1717 usus
1819 1653 1954 1734 exlege

327 1774 386 1819 neo
408 1755 565 1819 invitabat
587 1755 679 1819 favor
709 1775 748 1819 eu
772 1755 884 1820 comite
908 1774 967 1819 nec
990 1753 1183 1819 emendabat
1205 1754 1304 1818 lector
1327 1773 1367 1818 ex
1390 1761 1476 1834 terte,
1510 1754 1564 1818 ubi
1587 1754 1665 1819 milri
1688 1754 1875 1821 tantundem
1896 1774 1955 1819 ra-

288 1930 294 1943 ,
327 1858 416 1922 lebat
438 1878 569 1922 raucum
593 1876 722 1940 gemere
743 1855 836 1939 ,quod
868 1863 997 1921 cantare
1028 1856 1116 1940 apud
1146 1877 1226 1938 quos
1256 1856 1336 1921 nihil
1360 1856 1504 1941 disparat
1534 1868 1589 1923 aut
1617 1858 1734 1923 stridor
1755 1858 1878 1924 anseris
1900 1863 1955 1922 aut

323 1980 419 2047 canor
433 1960 540 2043 oloris,
567 1959 636 2026 sola
659 1978 756 2044 saepe
778 1959 963 2024 bombicans
989 1960 1148 2046 barbaros
1160 1958 1278 2049 leudos
1302 1980 1381 2044 arpa
1403 1959 1562 2040 relidens3
1590 1968 1625 2027 ut
1638 1961 1722 2028 inter
1737 1961 1812 2027 illos
1828 1967 1954 2043 egomet

323 2082 386 2127 non
409 2063 549 2128 musicus
571 2070 682 2147 poeta,
710 2061 768 2127 sed
790 2060 929 2128 muricus
955 2061 1068 2126 deroso
1092 2060 1169 2126 ilore
1193 2061 1342 2127 carminis
1365 2081 1480 2146 poema
1502 2082 1563 2128 non
1588 2083 1745 2142 canerem,
1771 2061 1830 2128 sed
1851 2061 1955 2145 garri-
1975 2083 2004 2123 rs

324 2187 408 2248 rem,
428 2151 509 2268 (quo
539 2165 717 2243 residentes
751 2165 913 2230 auditores
944 2165 1028 2230 inter
1057 2185 1193 2230 acernea
1226 2166 1343 2248 pocula
1373 2166 1477 2230 salute
1508 2165 1655 2232 bibentes
1687 2167 1800 2231 insana
1829 2166 1955 2231 Baccho

323 2268 429 2334 iudice
453 2248 705 2359 debaccharent]
747 2267 823 2351 quid
838 2267 882 2333 ibi
906 2268 997 2333 fabre
1022 2267 1140 2333 dietum
1165 2269 1207 2334 sit
1229 2268 1283 2333 ubi
1307 2267 1379 2350 quis
1403 2287 1500 2333 sanus
1517 2269 1570 2333 vin
1594 2269 1743 2349 ereditur,
1768 2268 1831 2334 nisi
1846 2288 1955 2334 secum

323 2371 442 2455 pariter
472 2370 645 2452 insanitur,
680 2363 742 2453 quo
773 2372 928 2454 gratulari
960 2372 1064 2455 magis
1087 2380 1136 2437 est
1158 2372 1187 2436 si
1211 2371 1319 2436 vivere
1343 2370 1418 2435 lieet
1441 2379 1513 2455 post
1534 2372 1663 2453 bibere,
1697 2371 1737 2438 de
1761 2392 1822 2454 quo
1845 2371 1956 2437 eonvi-

322 2494 393 2537 vam
417 2473 592 2558 thyrsicum
615 2494 678 2538 non
702 2473 868 2538 fatidicum
896 2472 971 2538 licet
994 2473 1100 2552 exire,
1135 2473 1192 2538 sed
1216 2473 1339 2538 fatuum
1351 2480 1363 2535 i
1393 2493 1463 2538 eum
1494 2482 1648 2556 quantum
1678 2474 1721 2538 ad
1750 2475 1814 2538 mei
1841 2493 1954 2539 sensus

322 2576 577 2659 intellegentiam
601 2577 755 2660 pertinet,
790 2575 866 2658 quia
889 2595 923 2641 se
956 2576 1049 2659 pigra
1071 2597 1135 2640 non
1158 2576 1314 2659 explicat,
1349 2576 1461 2641 brutae
1491 2577 1618 2641 animae
1648 2577 1719 2660 ipsa
1748 2576 1857 2641 ieiuna
1881 2582 1955 2642 sunt
1974 2596 2004 2638 no

322 2679 421 2743 ebria.
518 2681 556 2761 (6)
584 2679 667 2744 Hinc
690 2686 739 2744 est
762 2677 847 2760 quod
871 2677 975 2743 latens
999 2679 1200 2761 opusculum,
1228 2677 1287 2743 etsi
1312 2678 1418 2743 minus
1440 2678 1568 2744 videtur
1591 2698 1662 2744 esse
1685 2679 1954 2764 famosum,'plus

321 2782 468 2863 liberum,
498 2782 574 2864 (luia
597 2781 638 2847 de
662 2781 898 2846 examinatione
922 2781 1106 2845 nonhabet
1129 2781 1302 2863 quodiam
1325 2781 1466 2865 trepidet
1481 2781 1639 2864 privatum
1657 2802 1752 2865 quam
1768 2782 1950 2865 publicum:

321 2886 406 2949 unde
434 2885 616 2950 necessarie
644 2884 773 2966 angusti
802 2902 917 2948 sensus
946 2883 1113 2964 ingenium
1144 2903 1179 2949 se
1207 2891 1370 2949 mensuret
1399 2904 1549 2965 censore,
1584 2884 1669 2967 quod
1691 2893 1741 2950 est
1764 2883 1953 2951 mittendum

321 2987 380 3050 sub
402 2986 522 3051 iudice.
569 2984 626 3050 sed
655 2985 804 3068 quoniam
840 2987 910 3064 [mel
946 2985 1098 3050 humilem
1128 2986 1289 3069 inpulsum
1321 2987 1485 3068 alacriter,
1519 2986 1625 3051 acrius
1653 2987 1858 3067 renitentem,
1893 2988 1953 3052 sub

323 3088 548 3154 testificatione
572 3088 673 3154 divini
696 3087 839 3170 mysterii
863 3094 894 3152 et
917 3086 1087 3171 splendore
1106 3088 1258 3154 virtutum
1281 3089 1459 3154 beatissimi
1474 3089 1602 3154 Martini
1626 3090 1795 3155 coniurans
1817 3090 1954 3155 hortaris
1974 3110 2004 3151 rs

323 3190 453 3270 sedulo,
487 3199 521 3256 ut
549 3197 660 3256 contra
688 3188 841 3275 pudorem
872 3209 977 3254 meum
1008 3188 1149 3254 deducar
1177 3191 1211 3254 in
1240 3192 1422 3276 publicum,
1456 3213 1507 3258 rne
1535 3192 1616 3257 meis
1645 3192 1770 3258 frivulis
1800 3193 1968 3259 arbitrem

324 3293 464 3358 scabrosi
488 3293 593 3378 operis
616 3292 828 3376 ignorantiam
853 3293 1039 3371 confitente,
1074 3293 1158 3376 quod
1180 3296 1254 3361 aliis
1276 3296 1481 3379 poscentibus
1504 3295 1686 3380 patefacere
1709 3295 1830 3376 distuli,
1856 3297 1954 3361 oboe-

323 3395 441 3462 diendo
463 3394 542 3461 cedo
564 3395 684 3479 virtuti,
710 3395 793 3459 hanc
815 3394 921 3459 saltim
946 3396 1178 3479 obtemperanti
1194 3397 1448 3464 vicissitudinem
1465 3418 1620 3482 repensus
1635 3398 1697 3479 usi,
1724 3406 1758 3463 nt
1775 3399 1851 3480 quia
1872 3399 1952 3463 haee

323 3498 432 3564 favore
454 3498 558 3581 magis
580 3494 782 3565 delectantur
804 3518 902 3579 quam
923 3497 1047 3578 iudice,
1080 3506 1136 3563 aut
1165 3499 1223 3565 tibi
1254 3500 1472 3567 tantummodo
1495 3501 1726 3567 innotescentia
1747 3502 1875 3584 relegas
1897 3508 1953 3565 aut

299 3603 503 3668 ‚intimorum
526 3602 659 3667 auribus
682 3610 785 3667 tecum
810 3601 988 3666 amicaliter
1011 3622 1131 3682 quaeso
1155 3604 1321 3669 conlatura
1345 3604 1535 3669 committas.
1971 3626 2001 3665 oo

350 3780 356 3785 .
382 3779 556 3785 ——-.
561 3777 734 3785 --—--..

393 3880 639 3929 ti'uerintneem
655 3878 1079 3939 amariomissisqaceintcrecdant
1095 3883 1137 3929 im.
1152 3894 1177 3940 p.
1194 3881 1268 3941 nic
1357 3888 1492 3942 potuerunt
1505 3883 1529 3928 1)
1624 3880 1718 3942 2quos
1733 3882 1761 3941 C,
1781 3882 1841 3948 sort.
1856 3896 1917 3942 quas

323 3967 484 4030 inrpiosllii1
505 3961 730 4030 (implesti-'etin
742 3965 939 4026 mg.ai‘impos]
1030 3962 1071 4030 de]
1091 3964 1168 4012 daG¹
1257 3967 1444 4026 ssbrintamii,
1464 3969 1607 4015 brutiaml'
1697 3968 1860 4029 3liquctiam
1872 3967 1917 4014 BL

322 4055 539 4115 tiliamentumque
559 4052 593 4111 Μ,
615 4052 675 4100 talia
692 4051 896 4112 mentumqueli
1009 4057 1110 4098 tranens
1132 4053 1151 4096 (Γ
1273 4052 1644 4103 tnur.-omuu.0m.1›
1757 4055 1841 4102 norico
1860 4049 1952 4117 Blffl]

322 4143 420 4189 nutrico
438 4142 466 4200 F,
487 4141 572 4188 nurico
590 4139 642 4187 rell.
767 4151 842 4185 enum
862 4138 891 4197 F,
912 4151 1013 4184 erirsoo
1036 4135 1056 4182 C
1185 4138 1319 4185 bainariam
1337 4138 1391 4198 BL,
1412 4141 1556 4187 banneriam
1577 4136 1611 4185 G‘i
1736 4140 1873 4187 danubium
1896 4138 1917 4185 Θ

322 4228 487 4275 alamanniam
506 4222 584 4272 nect
705 4225 719 4270 ἴ)
745 4237 834 4272 renum
853 4221 913 4285 BL,
940 4222 1100 4271 rohennmlt
1222 4226 1372 4282 germaniam
1395 4221 1428 4270 (12
1549 4225 1676 4273 mosellam
1696 4221 1728 4290 A]
1748 4226 1877 4272 musellam
1896 4226 1949 4274 rell.

322 4314 464 4362 tirinenta:
486 4315 599 4359 ai.rus.
619 4315 770 4370 etsup.scr.
790 4312 836 4358 lieo
858 4307 888 4353 02
993 4308 1071 4356 laut
1089 4309 1166 4357 dorm.
1186 4323 1234 4358 oin.
1252 4309 1272 4355 C
1375 4312 1593 4372 conscripserimus
1614 4311 1659 4358 itt·
1761 4310 1899 4372 Sorapura
1919 4299 2005 4373 (t,'

321 4399 444 4460 capulaV
546 4397 607 4444 itin
619 4397 687 4444 ebria
704 4395 757 4445 VG¹
861 4395 1194 4454 nouus-reddebatom.,
1214 4394 1478 4455 sedodd.r'nmp.ll¹
1583 4395 1803 4459 orphoeusACM,
1823 4398 1904 4446 oricus
1920 4397 1950 4458 G,

321 4484 456 4534 oriecusl)
560 4482 646 4530 liricus
663 4482 707 4528 ita
811 4482 904 4529 dabant
920 4477 950 4525 (ΥΞ
1017 4468 1088 4527 'tt
1107 4481 1171 4541 quod
1190 4479 1237 4527 RF
1338 4482 1453 4528 extensis
1472 4481 1497 4526 1)
1602 4495 1689 4530 censat
1706 4482 1755 4529 Dil
1862 4481 1889 4531 il
1911 4497 1953 4530 nr-

321 4573 394 4632 gebat
412 4569 443 4631 L,
465 4585 481 4616 n
499 4575 555 4617 arnis
575 4583 589 4617 e
607 4583 661 4628 exp.
681 4568 712 4626 B,
733 4570 850 4627 arguebat
869 4568 891 4613 F
1013 4565 1043 4614 12
1062 4568 1146 4614 fauor:
1168 4579 1200 4614 uo
1218 4570 1235 4615 ι’.
1256 4579 1303 4614 rat.
1328 4565 1357 4612 0¹
1478 4567 1579 4615 tandem
1598 4571 1615 4616 i.
1635 4582 1684 4616 ros.
1705 4582 1734 4615 ex
1752 4568 1901 4616 tantundem
1922 4568 1952 4614 0¹

323 4657 353 4706 13
372 4652 450 4722 quod]
467 4670 541 4717 quarn
561 4651 595 4700 132
715 4650 789 4719 quos]
807 4667 851 4700 nos
874 4654 893 4697 i'
1013 4648 1133 4717 disparat]
1151 4653 1236 4713 dispar
1254 4651 1308 4709 BL,
1329 4653 1402 4713 dispa
1419 4653 1451 4712 B,
1471 4667 1519 4701 om.
1535 4653 1557 4698 F
1685 4653 1713 4702 ti
1732 4654 1806 4701 oleris
1826 4653 1917 4701 Gll'bl

320 4745 352 4793 ol.
373 4743 417 4791 sed
437 4741 527 4790 solslt
643 4739 811 4789 bomicanslt
938 4739 966 4787 15
986 4752 1037 4786 non
1056 4739 1165 4786 muricus
1184 4746 1257 4801 poeta
1276 4739 1362 4787 deroso
1383 4741 1438 4799 (om.
1460 4753 1524 4787 mus.
1545 4744 1569 4787 et
1586 4740 1639 4801 sed]
1660 4741 1684 4787 D
1789 4743 1910 4800 garrirem
1929 4740 1953 4786 D

323 4829 353 4879 ic
371 4830 516 4878 resedentes
536 4826 626 4874 crunt
731 4826 837 4874 salutem
858 4827 880 4871 F
983 4827 1070 4873 insane
1094 4823 1124 4870 6¹
1229 4825 1330 4872 baeiclro
1348 4826 1373 4871 1)
1480 4824 1509 4872 17
1530 4826 1649 4875 t'rabreI)
1756 4825 1786 4873 19
1805 4822 1954 4890 thyrsicum]

320 4918 440 4976 tyrsicnm
458 4914 527 4963 codd.
634 4913 777 4961 fastidicum
790 4909 847 4959 1202
951 4912 981 4959 ad
1000 4911 1114 4958 crn.D(1'
1219 4911 1251 4960 20
1270 4912 1466 4971 intelligentiam
1482 4911 1526 4959 BL
1630 4909 1849 4979 iciunaCMDG¹J
1868 4917 1953 4960 caten

320 5001 531 5060 croaeocloA,
552 4995 791 5048 retransmitti
897 4996 926 5045 21
947 4996 1038 5045 illel)
1143 4997 1278 5046 ulditurC
1382 4996 1502 5046 sanauit
1522 4996 1744 5046 0¹tl¹ototult
1848 4999 1952 5059 priona·

319 5096 374 5138 turn
390 5087 428 5148 0¹,
448 5086 665 5150 priuatorutoid.
681 5084 806 5134 θηται.
891 5083 923 5132 23
944 5095 1077 5132 mensurae
1091 5083 1113 5129 l’
1198 5081 1349 5132 censuraG2
1452 5082 1485 5131 21
1503 5081 1555 5150 are]
1573 5098 1621 5133 om.
1636 5084 1706 5132 codd.
1796 5086 1857 5146 imp.
1872 5083 1919 5130 BL

320 5175 445 5223 renitente
457 5171 566 5220 DG¹RF
669 5171 701 5220 25
719 5173 788 5221 mist.
805 5170 849 5217 Gli
954 5168 986 5218 26
1005 5168 1103 5217 iriuolis
1120 5167 1159 5230 02,
1179 5170 1311 5219 illuuiisl)
1399 5167 1528 5236 arbitrem]
1544 5172 1603 5232 sort.
1619 5172 1739 5232 aptiorem
1844 5169 1875 5218 at
1896 5182 1953 5217 cou-

321 5263 433 5310 tlteutem
446 5258 515 5307 ΒΗ*
615 5259 728 5321 patciace
744 5257 774 5304 0¹
880 5254 912 5304 28
931 5268 1053 5317 repensus
1072 5250 1123 5320 usi]
1141 5269 1270 5317 repressus
1289 5258 1328 5304 usi
1344 5255 1397 5314 GV,
1418 5270 1569 5318 repensurus
1583 5259 1610 5316 F,
1631 5269 1753 5318 repensus
1772 5269 1827 5303 sum
1847 5268 1895 5302 usu
1912 5251 1950 5314 (¹2,

319 5347 379 5407 fort.
400 5343 585 5407 obtemperandi
603 5346 654 5394 tric.
675 5356 839 5405 reprensuros
956 5341 989 5391 29
1007 5342 1088 5390 iauori
1106 5343 1184 5402 magis
1202 5342 1350 5402 delegantur
1368 5355 1442 5404 quam
1461 5343 1539 5391 iudici
1559 5343 1725 5390 Mommsenus
1829 5343 1951 5389 innoteso.

320 5428 406 5500 nob]
422 5432 541 5480 innotisc.
561 5431 614 5480 reti.
738 5431 833 5490 relegas
853 5424 1125 5494 antiqnitates.
1250 5428 1283 5476 30
1302 5434 1385 5477 tecum
1403 5441 1450 5475 om.
1474 5427 1519 5474 Gl'
1640 5429 1793 5477 consolatura
1812 5426 1863 5485 RF,
1891 5425 1951 5485 sort.

320 5519 457 5581 cognituris
569 5529 706 5565 rucrrrvnr
723 5528 851 5565 oarrrvaa
870 5527 943 5561 uruat
964 5526 1040 5561 rarmr
1058 5512 1128 5561 codd.
1149 5516 1258 5574 sequitur
1276 5515 1439 5574 capitulorum
1458 5513 1529 5560 iodea
1548 5513 1581 5561 ad
1600 5513 1673 5561 libros
1690 5513 1805 5562 undecim
1826 5513 1865 5572 (X,
1889 5515 1902 5559 7
1921 5512 1953 5558 od

319 5608 393 5669 tinem
411 5620 460 5654 om.
484 5604 511 5665 il)
535 5608 633 5664 praeter
652 5602 674 5649 L
693 5608 719 5650 in
737 5616 783 5664 quo
801 5603 909 5662 singuiis
928 5601 997 5648 libris
1017 5599 1120 5647 indiculi
1136 5602 1329 5659 praemittuntur
