4374 6186
955 388 1172 444 FOR'l'VNATl
1191 388 1391 445 CARMINVM

694 576 840 641 faucibus
863 578 895 641 in
918 578 1055 663 stupidis
1078 579 1176 644 talem
1198 578 1288 644 bibat
1310 579 1366 644 ille
1390 579 1561 660 liquorem,

778 687 844 743 tam
867 680 951 745 male
975 680 1117 745 sinceras
1140 681 1194 762 qui
1216 681 1341 746 vitiavit
1363 702 1475 764 aquas.

693 790 726 845 at
749 782 841 847 sicuti
864 783 987 848 meritis
1010 784 1155 867 exposcit
1177 783 1284 867 opima
1307 785 1471 863 voluutas,

780 886 888 950 dulcia
909 886 1007 951 vineti
1030 887 1154 952 Dracco
1177 888 1315 952 Falema
1338 887 1438 952 bibat.

695 988 752 1052 boe
775 989 936 1054 tamenin
959 988 1102 1071 domino,
1128 989 1184 1070 qui
1204 996 1236 1054 tc
1260 997 1367 1072 regat,
1393 1010 1447 1052 oro
1470 991 1625 1072 benigne,

780 1091 839 1156 rite
863 1093 1020 1156 salutetur
1041 1092 1085 1154 mi
1108 1092 1252 1176 Papiana
1274 1112 1374 1170 soror3

693 1193 778 1257 adulo
801 1214 913 1277 preces
941 1194 1097 1278 {pariterb
1125 1194 1234 1278 capias
1257 1195 1304 1259 sie
1327 1215 1459 1259 munera
1482 1194 1616 1260 Christi:

780 1316 820 1361 ne
842 1296 901 1361 tibi
924 1303 995 1379 post
1017 1317 1110 1375 uxor,
1137 1296 1194 1361 sed
1218 1296 1258 1361 sit
1280 1295 1415 1362 honesta
1437 1317 1535 1360 soror.

609 1423 639 1459 κν,
692 1399 769 1480 quid
792 1406 927 1464 uentura
950 1399 1021 1464 ulios
1044 1406 1148 1482 portat
1169 1398 1329 1464 nescimus
1351 1399 1384 1463 iu
1407 1400 1498 1478 orbe3

779 1502 850 1582 quis
873 1503 965 1567 morti
987 1501 1136 1583 obsistat,
1164 1502 1191 1566 si
1214 1501 1387 1566 furibunda
1408 1503 1492 1567 ruit?

693 1604 795 1668 furem
817 1604 945 1669 animae
968 1624 1061 1669 nemo
1083 1611 1159 1670 aute
1181 1604 1269 1670 m'det
1291 1625 1386 1686 quam
1409 1605 1522 1670 tollere
1545 1605 1659 1688 possit.

778 1727 838 1772 nec
860 1707 1013 1791 placitum
1038 1707 1153 1790 poterit
1177 1707 1379 1772 dissimulare
1403 1708 1499 1772 (lieni.

693 1828 791 1874 eausa
813 1809 959 1874 cavenda
981 1809 1085 1894 prius,
1114 1809 1219 1874 subito
1241 1830 1336 1892 quam
1360 1818 1484 1893 mergat
1505 1810 1548 1875 ad
1571 1811 1715 1891 umbras

778 1919 828 1977 est
850 1912 903 1976 ubi
926 1932 1019 1977 nemo
1041 1932 1158 1996 parens
1180 1931 1240 1977 nec
1262 1913 1349 1977 levat
1371 1913 1438 1977 ulla
1460 1933 1585 1978 manus.

692 2017 749 2081 sed
772 2016 855 2081 bene
877 2016 962 2098 quod
983 2015 1106 2100 placuit
1128 2015 1286 2080 constanti
1308 2017 1424 2100 perfice
1447 2024 1537 2097 voto,

777 2140 818 2185 ne
840 2118 978 2204 spatium
1001 2118 1130 2184 rediens
1151 2138 1235 2183 mors
1256 2119 1386 2184 inimica
1407 2128 1519 2202 neget:

691 2243 775 2288 nunc
796 2223 929 2288 meliora
951 2229 1040 2303 tene,
1068 2222 1147 2301 iarn,
1174 2222 1260 2304 quod
1283 2221 1360 2303 fuit,
1387 2222 1463 2288 inde
1486 2223 1600 2288 recede

777 2332 809 2391 ct
831 2346 910 2410 cape
933 2326 1091 2391 caelestes
1114 2325 1176 2391 buc
1198 2324 1364 2390 redivivus
1386 2346 1475 2409 opes.

626 2452 638 2489 a
691 2449 748 2512 per
770 2428 933 2493 dominum
955 2428 1037 2493 votis
1060 2434 1212 2509 utraeque
1235 2448 1386 2511 rogamus
1409 2436 1594 2511 utrumque.

778 2532 871 2597 detur
894 2531 982 2596 utin
1004 2537 1112 2595 nostro
1134 2531 1202 2596 filia
1224 2539 1331 2596 vestra
1354 2531 1442 2605 sinu;

691 2635 797 2699 <riticio
820 2643 924 2699 vestro
946 2634 989 2698 ad
1011 2653 1068 2699 nos
1091 2634 1206 2716 migret
1228 2654 1304 2699 curu
1326 2641 1511 2719 parentum,

776 2758 833 2802 vos
855 2738 1040 2820 generando
1063 2743 1168 2812 utero,
1195 2757 1253 2801 nos
1276 2737 1451 2802 refovendo
1473 2738 1556 2801 sinu.

1149 3114 1180 3178 X

1059 3252 1149 3326 Item
1176 3253 1273 3328 aliud

687 3424 843 3490 Dulcibus
865 3423 1015 3506 alloquiis
1037 3442 1120 3505 quae
1142 3422 1254 3488 fabula
1276 3421 1375 3488 fertur
1396 3423 1429 3488 in
1452 3433 1551 3490 aurel

774 3527 801 3590 si
823 3525 900 3589 milri
922 3525 986 3589 iam
1009 3524 1156 3609 placidas
1179 3545 1291 3590 mensa
1314 3527 1453 3610 benigna
1477 3535 1580 3609 tenet,

688 3631 831 3714 placatos
854 3628 977 3694 animos
999 3628 1109 3693 tabula
1132 3629 1285 3694 redeunte
1308 3636 1431 3708 notate,

772 3732 888 3817 prodat
910 3738 944 3796 ut
965 3732 1115 3796 affectum
1138 3731 1245 3797 littera
1266 3731 1351 3816 picta
1374 3752 1481 3796 manu.

604 3861 629 3924 j
686 3835 791 3900 dulcis
813 3855 920 3900 amore
943 3833 995 3917 pio
1018 3834 1137 3918 liariter
1159 3840 1323 3917 materque
1347 3854 1497 3916 sororque

773 3937 892 4021 garrulis
913 3937 1029 4002 festivo
1052 3938 1272 4003 concelebrate
1295 3957 1384 4002 sono.

1140 4299 1186 4362 Xl

1055 4440 1146 4513 Item
1173 4436 1270 4512 aliud

686 4609 789 4675 Hodie
811 4609 960 4674 festivum
984 4606 1145 4671 celebravi
1167 4607 1268 4688 ‹liem⁷
1295 4607 1327 4670 in
1350 4607 1456 4671 orbem

686 4713 806 4777 domini
828 4713 969 4777 natalem
992 4716 1150 4774 sacratum
1174 4711 1300 4775 venisse
1324 4709 1419 4773 (liem.

687 4817 804 4898 ubique
825 4814 970 4899 inprimis
994 4819 1148 4879 venerunt
1170 4832 1298 4877 caseum
1320 4850 1364 4859 —

687 4919 762 4985 dein
784 4917 916 4984 veniunt
936 4917 1047 5000 lignea
1070 4916 1206 4981 scutella
1228 4922 1331 4980 rotata
1352 4953 1394 4962 —

353 5124 583 5133 ——-———-—-
592 5123 599 5128 -
617 5121 761 5129 ...—-.......-

423 5253 450 5302 17
471 5255 595 5314 llqnorum
678 5248 710 5299 90
728 5250 797 5297 bibat
810 5243 966 5312 Onerandus]
978 5248 1043 5295 bibit
1125 5245 1153 5294 21
1175 5250 1243 5306 regat
1259 5241 1495 5312 &percrepuerat
1576 5244 1608 5295 23
1627 5248 1780 5308 paritatem.
1864 5247 1895 5298 9ἵ
1915 5262 1972 5312 pes-

351 5341 448 5391 sitscll.
463 5342 504 5388 lnr
585 5336 618 5388 28
636 5337 726 5400 placito
808 5333 841 5382 sl
859 5348 918 5397 opes
933 5328 1160 5399 Gaererdua]opus
1241 5332 1273 5381 ³5
1287 5335 1488 5394 utrumqneacr'l.
1504 5332 1536 5380 nd
1549 5347 1619 5394 quem
1631 5336 1736 5394 epistula
1749 5334 1824 5381 datar
1839 5336 1915 5396 (caim
1927 5349 1973 5383 uo·

349 5427 609 5486 mcunoucompnretl
624 5423 864 5484 etPapiaucmetas
876 5435 978 5470 oaorem
1082 5417 1114 5468 ab
1132 5415 1259 5484 detnrnt]
1276 5419 1390 5468 ntdetnr
1494 5418 1525 5468 37
1545 5420 1634 5479 migrat
1738 5420 1829 5470 subscr.
1850 5434 1972 5481 exuerem

419 5513 443 5561 X
513 5511 538 5560 Σ
554 5510 577 5572 1⁴.
598 5509 645 5563 aar
750 5505 852 5575 laute]
870 5521 911 5556 ore
931 5505 1191 5569 (eunomianorum,
1212 5504 1248 5565 cs.
1269 5506 1309 5567 99,
1330 5507 1363 5564 6,·
1384 5508 1426 5566 94,
1447 5509 1488 5568 14)
1594 5506 1732 5568 3plaoitos

418 5599 455 5646 XI
526 5597 550 5645 Σ
567 5597 588 5657 f.
609 5594 657 5647 ὀμ
760 5600 803 5643 eut
821 5596 940 5644 eumriuir
958 5595 1083 5654 epitomata*
1100 5592 1210 5653 sacciula
1228 5596 1279 5652 cat,
1298 5606 1359 5654 puae
1372 5591 1492 5641 Gacrardr‘
1510 5594 1594 5654 opinio
1611 5597 1657 5651 ecl,
1675 5594 1834 5654 componenda·
1852 5596 1971 5643 camerni,

349 5684 505 5733 ‹rdorrrbrulr'e
608 5681 622 5728 4
643 5681 678 5741 ‘'s·
700 5682 744 5742 ll,
768 5682 806 5740 ll),
828 5682 843 5727 7
