4374 6186
890 387 1060 442 sexam
1079 385 1296 443 sonuum

617 594 657 640 ac
679 576 767 641 velut
787 596 828 641 ex
850 576 979 660 stipulis
1000 587 1151 658 coqueret
1173 596 1208 641 se
1231 573 1360 640 llamma
1381 577 1519 657 camini,

618 678 668 741 sir
688 679 776 743 stetit
797 678 966 743 incolumis
989 678 1133 761 fugiente
1155 679 1328 743 volucriter
1351 678 1480 760 umbra,

552 825 557 835 ,
617 779 737 845 deserit
758 790 793 846 et
813 780 965 865 praedam
989 781 1086 864 lupus
1107 781 1223 864 ingens
1245 790 1277 846 et
1300 780 1351 845 leo
1374 780 1537 846 frendens.

703 883 782 949 Inde
805 883 976 949 reuertenti
998 885 1209 948 Treverorum
1231 904 1271 947 er
1294 883 1373 948 urbe
1395 883 1491 948 beato

616 985 713 1051 olisia
736 986 816 1052 torte
838 987 933 1051 datur
954 985 1061 1050 medio
1083 985 1152 1050 iera
1174 986 1292 1051 bucula
1314 1006 1447 1071 campo.

616 1108 710 1170 quam
734 1088 872 1154 daemon
893 1088 988 1174 dorso
1010 1088 1199 1153 incumbens
1220 1088 1365 1171 agitabat
1386 1088 1523 1169 anbelo,

616 1190 777 1275 pendulus
799 1192 887 1257 aerio
909 1192 1057 1273 quatiens
1079 1192 1193 1274 auriga
1216 1189 1368 1273 flagello,

616 1292 750 1377 pestifer
771 1304 840 1359 arte
862 1313 946 1359 nova
968 1313 1093 1372 cursor,
1119 1294 1200 1359 bove
1223 1313 1339 1376 nempe
1362 1294 1519 1361 veraedc.

617 1396 774 1478 cornigeri
797 1396 931 1480 pecudis
953 1396 1139 1479 propulsor,
1165 1396 1405 1471 mellonicus,

616 1499 797 1582 exagitator
817 1499 922 1565 iners.
948 1499 1093 1564 residens
1115 1519 1173 1583 per
1195 1506 1288 1581 terga
1311 1500 1478 1564 bubulcas.

617 1600 668 1666 hic
692 1601 745 1666 ubi
768 1601 963 1667 millimodas
985 1601 1136 1666 animalis
1157 1600 1314 1684 adegerat
1335 1601 1419 1681 iras,

614 1704 682 1769 ibat
704 1705 822 1787 ubique
845 1704 913 1770 iero
935 1703 1109 1769 furibunda
1130 1704 1266 1768 iuvenca
1289 1704 1452 1783 ministro,

514 1851 518 1863 .
550 1828 562 1866 s
617 1808 677 1872 sub
699 1816 815 1874 tenore
837 1808 930 1891 graui
953 1826 1146 1891 percursa,
1174 1826 1233 1890 per
1253 1807 1342 1871 iuria
1364 1826 1509 1873 cursans.

615 1911 754 1976 umescit
774 1911 905 1995 propias
928 1918 1039 1975 sancto
1062 1908 1203 1974 furiatile
1226 1929 1341 1991 cornu,

615 2013 765 2095 elataque
788 2034 885 2078 mauu
907 2011 1063 2097 pecudem
1087 2011 1260 2077 consistere
1283 2011 1427 2077 mandat.

615 2135 698 2198 quae
721 2116 809 2181 stetit
830 2115 938 2180 adfixo
961 2115 1066 2179 minus
1088 2113 1223 2198 inproba
1246 2114 1363 2179 bucula
1384 2134 1508 2198 gressu.

615 2239 710 2300 quem
734 2238 824 2284 sacer
845 2218 1019 2284 instantem
1043 2237 1117 2282 mox
1139 2216 1221 2281 vidit
1243 2217 1438 2297 comminus,
1463 2218 1586 2301 inquit:

513 2344 518 2378 ι
619 2327 735 2405 ‘perge
759 2321 864 2399 ferox,
892 2319 970 2403 iuge
993 2339 1109 2399 saeve,
1135 2318 1204 2384 redi
1228 2319 1331 2399 male,
1357 2320 1435 2386 cede
1457 2329 1606 2402 eruente,

614 2424 783 2488 innocuum
807 2422 964 2507 pecudem
987 2422 1108 2487 desiste
1130 2421 1270 2505 agitare,
1298 2422 1437 2488 uocive'.

615 2535 690 2591 tunc
712 2526 864 2591 animalis
886 2526 971 2591 euim
995 2524 1112 2606 linquit
1133 2524 1203 2590 fera
1225 2524 1322 2589 belua
1344 2533 1470 2607 tergum

614 2636 646 2695 ct
668 2629 781 2713 recipit
802 2629 965 2713 proprium
988 2627 1160 2693 mitissima
1181 2627 1300 2693 bucula
1323 2646 1461 2692 sensum.

614 2732 766 2797 sternitur
788 2739 863 2796 ante
886 2730 988 2815 pedes
1012 2731 1132 2808 sancti,
1159 2738 1349 2795 veneranter
1370 2729 1530 2811 adorans,

548 2881 552 2892 .
615 2833 704 2900 flexit
726 2842 757 2899 ct
781 2835 853 2917 ipsa
875 2854 960 2916 genu
984 2853 1067 2914 quae
1089 2853 1152 2897 non
1176 2833 1273 2897 habet
1295 2833 1513 2913 intellectum,

615 2944 724 3001 contra
747 2943 894 3000 usturam
919 2935 1105 3000 discernens
1127 2943 1220 3017 gesta
1243 2935 1348 3016 beati,

613 3039 867 3121 obsequiumque
890 3037 996 3117 dedit,
1024 3037 1130 3102 meriti
1151 3058 1234 3119 quae
1257 3038 1360 3103 nescit
1381 3039 1549 3122 honorem,

612 3141 688 3206 inde
711 3141 815 3223 magis
839 3140 985 3219 humilis,
1012 3140 1089 3223 quis
1111 3141 1213 3206 libera
1236 3141 1320 3205 oolla
1342 3141 1494 3223 gerebat,

611 3250 686 3309 ante
709 3244 810 3328 ligata
832 3251 975 3321 tumens,
1002 3264 1023 3308 a
1045 3251 1135 3328 peste
1158 3243 1264 3308 soluta
1286 3244 1435 3323 reclinis,

611 3365 693 3430 quae
716 3346 805 3411 stetit
827 3366 881 3411 ore
904 3346 1061 3426 fremens,
1088 3345 1203 3411 cecidit
1225 3353 1297 3431 post
1319 3346 1449 3411 vincula
1471 3348 1609 3432 supplex

611 3457 643 3516 et
665 3449 734 3514 sine
756 3469 833 3514 voce
857 3448 945 3514 favet
967 3468 1055 3513 armo
1078 3448 1196 3513 iactata
1218 3449 1332 3532 priore.

609 3560 676 3618 tum
701 3571 792 3617 sacer
815 3551 950 3616 antistes
972 3550 1127 3635 pecudem
1150 3551 1317 3635 praecepit
1339 3551 1446 3634 abire,

610 3674 747 3736 moxque
771 3673 902 3736 gregem
926 3653 1041 3738 repetit
1063 3653 1201 3737 pastoris
1225 3673 1303 3720 voce
1326 3654 1478 3720 revincta.

376 3849 472 3908 Sulplc.
493 3849 554 3897 diui.
577 3849 615 3895 11.

273 3986 357 4046 minis,
378 4000 452 4048 quam
472 3987 522 4035 sibi
541 3998 585 4047 pro
602 3983 777 4032 benedictione
797 3982 942 4043 collegerat,
965 3995 1147 4042 energumeno,
1170 3995 1244 4043 quem
1264 3983 1370 4043 spiritus
1389 3985 1477 4031 erroris
1496 3985 1614 4047 agitabat,
1635 3986 1780 4036 decanica
1799 4003 1910 4053 suspen-

272 4071 317 4120 dit.
358 4085 404 4121 nec
423 4084 497 4130 mora,
518 4071 584 4120 dicto
603 4071 678 4118 citius
696 4069 776 4116 electo
794 4068 912 4116 daemone
931 4081 1037 4130 persona
1055 4073 1140 4116 curata
1158 4075 1205 4116 est.

342 4159 365 4214 9,
390 4161 401 4204 1
422 4157 552 4205 Paridem
571 4158 623 4204 iere
642 4160 743 4217 tempus
763 4154 869 4202 liartino
887 4169 901 4201 a
920 4153 1035 4202 Treveris
1054 4155 1189 4202 revertenti
1209 4154 1237 4201 tlt
1257 4155 1354 4201 obviam
1373 4168 1458 4216 vacca,
1480 4168 1554 4217 qnam
1574 4157 1679 4207 daemon
1696 4160 1817 4220 agitabat:
1840 4175 1908 4224 qnae

271 4244 356 4291 relicto
376 4257 449 4303 grege
468 4257 513 4291 suo
530 4245 558 4290 in
576 4242 691 4290 homines
710 4242 838 4288 terebatur
856 4245 883 4288 et
901 4242 951 4288 lam
970 4240 1062 4288 multos
1081 4240 1155 4287 noxie
1174 4240 1274 4301 petulca
1293 4240 1443 4289 contuderat.
1482 4255 1568 4289 verum
1594 4244 1637 4291 ubi
1656 4245 1727 4294 noble
1745 4248 1828 4309 coepit
1848 4242 1907 4299 esa'e

270 4330 398 4390 contigua,
418 4331 437 4377 ll
456 4331 501 4391 qul
520 4342 574 4376 eam
594 4329 693 4375 eminus
712 4328 889 4388 sequebantur,
911 4326 1053 4389 praedicere
1073 4339 1160 4385 magua
1179 4338 1237 4373 roca
1256 4333 1392 4388 coeperunt
1409 4332 1438 4375 ut
1455 4340 1610 4378 caveremus.
1652 4330 1684 4392 (9)
1706 4330 1750 4379 sed
1768 4339 1906 4396 postquam

270 4414 301 4462 ad
321 4429 365 4463 nos
384 4416 461 4463 torris
481 4414 618 4463 diribnuda
634 4414 773 4461 luminibus
791 4414 893 4474 propius
912 4413 1025 4473 accessit,
1047 4411 1171 4460 Martinus
1184 4413 1280 4459 elevata
1293 4408 1416 4478 [obviamz
1431 4426 1479 4461 om.
1491 4409 1527 4479 V]
1543 4427 1618 4462 manu
1631 4416 1750 4476 pecudem
1763 4419 1906 4469 consistere

270 4501 355 4548 lubet:
382 4515 447 4563 quae
471 4514 529 4549 mox
553 4500 582 4549 ad
607 4499 711 4547 verbum
736 4500 806 4547 iilius
830 4505 896 4547 stare
920 4500 1001 4559 coepit
1020 4498 1158 4559 inmobilis,
1192 4499 1225 4560 (31
1247 4511 1304 4545 cnm
1324 4500 1420 4547 interea
1439 4497 1504 4547 vidit
1522 4498 1646 4549 Martinus
1663 4501 1734 4550 dorso
1751 4502 1822 4552 illius
1842 4505 1906 4555 dee·

272 4598 371 4633 monem
392 4586 614 4648 supersedentem:
642 4597 716 4645 quem
740 4585 886 4645 increpans,
913 4583 1028 4643 discede,
1055 4585 1152 4646 inquit,
1178 4585 1295 4644 funeste,
1323 4584 1354 4632 de
1378 4584 1472 4647 pecude
1496 4590 1523 4633 et
1548 4587 1680 4635 innoxium
1698 4588 1790 4635 animal
1808 4592 1906 4649 agitare

270 4671 374 4720 desiste.
415 4672 448 4732 (t)
470 4673 554 4733 paruit
572 4684 679 4732 nequam
698 4672 803 4733 spiritus
822 4677 847 4718 et
866 4670 976 4719 recessit.
1011 4683 1057 4718 nec
1075 4670 1158 4718 detuit
1176 4684 1265 4718 sensus
1285 4672 1313 4718 ln
1332 4671 1431 4730 bucula,
1452 4671 1514 4732 quin
1534 4685 1560 4719 se
1580 4672 1741 4733 intellegeret
1753 4675 1901 4725 liberatam:

269 4763 327 4806 aute
347 4756 425 4819 pedes
444 4760 522 4806 sancti
542 4761 641 4819 recepta
658 4757 745 4818 quiete
764 4758 944 4820 prosternitur,
971 4756 1028 4803 dein
1052 4756 1156 4804 lubente
1175 4755 1282 4804 liartino
1308 4770 1408 4817 gregem
1431 4770 1505 4804 suum
1530 4758 1605 4819 petiit
1623 4772 1701 4820 seque
1719 4761 1813 4819 agmini
1832 4769 1904 4812 eete-

339 5065 390 5115 193
408 5065 589 5129 quoqueretP
692 5066 742 5115 291
760 5062 903 5131 incolumis]
922 5066 1050 5113 incolomis
1068 5066 1140 5116 codd.
1247 5065 1296 5115 296
1315 5079 1375 5114 u1111
1395 5065 1452 5128 Nn,
1474 5066 1568 5114 van
1671 5080 1763 5116 nanos
1781 5080 1904 5120 seuam

267 5168 285 5202 a
302 5167 404 5202 sacrus
424 5152 447 5200 N
574 5152 623 5202 997
643 5154 748 5201 bucuala
768 5153 793 5200 N
922 5150 972 5200 299
991 5153 1057 5200 aerio
1076 5166 1124 5201 cm.
1145 5151 1176 5199 P¹
1299 5155 1435 5215 quantiens
1454 5155 1535 5214 aurlgi
1556 5152 1580 5201 N
1700 5153 1750 5204 300
1768 5160 1827 5202 ante
1846 5156 1870 5203 P

266 5236 362 5306 cunct]
380 5254 455 5288 cursu
474 5239 545 5288 codd.
664 5239 755 5286 neredo
773 5238 843 5286 codd.
968 5236 1013 5286 301
1037 5241 1117 5288 tristis
1135 5235 1226 5305 P¹BL]
1245 5241 1330 5289 tristes
1351 5236 1460 5288 NNSP²
1582 5238 1631 5288 302
1651 5243 1793 5301 exagitatur
1812 5240 1869 5290 Ner

265 5327 384 5375 resedens
404 5324 449 5372 PN
586 5323 636 5373 303
655 5325 770 5383 adegerat
789 5321 845 5390 BL]
871 5325 981 5385 adigeret
999 5325 1052 5373 reli.
1194 5325 1243 5374 305
1272 5322 1359 5391 curua]
1383 5324 1529 5374 incuruaP
1668 5324 1716 5375 307
1741 5326 1861 5388 pecodem
1880 5328 1906 5376 N

266 5412 316 5463 309
336 5414 413 5461 attiae
431 5410 477 5459 BL
581 5410 733 5469 improbaL
838 5408 888 5459 309
906 5410 994 5460 om.P
1096 5410 1228 5472 inquidN
1332 5410 1382 5460 310
1400 5412 1455 5459 redi
1473 5412 1537 5459 male
1556 5425 1603 5460 om.
1620 5411 1652 5458 1²¹
1756 5410 1803 5460 311
1825 5413 1904 5464 lunc·

265 5496 392 5549 carmes
497 5495 547 5547 313
566 5495 741 5547 animensis
836 5498 929 5558 linquit
943 5494 1009 5563 llll]
1023 5499 1119 5558 linquet
1132 5495 1214 5556 Pn'n,
1230 5498 1306 5560 liquit
1318 5495 1371 5544 811²
1475 5496 1524 5546 313
1543 5496 1681 5558 recepitM
1783 5496 1833 5546 311
1853 5499 1903 5549 hc·

265 5582 582 5652 scammoneae.
702 5581 751 5632 319
770 5582 880 5630 humiles
900 5582 945 5629 ΡΧ
1059 5582 1108 5632 319
1127 5580 1151 5649 a]
1170 5604 1185 5629 s
1205 5582 1236 5630 Pl
1342 5582 1388 5632 321
1410 5579 1488 5649 mmo]
1506 5581 1567 5642 sort.
1589 5584 1670 5631 auimo
1774 5581 1825 5632 322
1845 5590 1903 5634 tum

264 5668 325 5738 ΡΝ]
344 5681 406 5719 ωηο
424 5673 476 5719 seli.
584 5672 687 5718 antistis
708 5669 762 5728 ΡΧ,
785 5671 890 5717 antestis
910 5667 937 5714 li
1042 5671 1181 5732 praecoepit
1200 5669 1235 5720 li.
1256 5671 1377 5731 praecipit
1399 5669 1422 5715 N
